2600 3842
941 170 1079 223 Lm.
1121 170 1229 221 vn
1280 160 1631 239 198—256.
2232 174 2275 237 9

363 319 502 378 illuc
544 330 604 380 et
645 317 833 396 Libye
874 319 1168 379 Numidas
1209 330 1270 381 et
1312 321 1489 381 Creta
1530 320 1811 396 Cydonas

364 415 558 476 misit:
616 415 866 476 Ituraeis
908 436 1111 476 cursus
1150 416 1262 476 fuit
1302 416 1445 477 inde
1486 416 1744 493 sagittis:
2178 439 2276 489 230

365 512 522 587 inde,
568 523 760 572 truces
801 512 977 584 Galli,
1020 512 1261 573 solitum
1299 513 1578 590 prodistis
1619 513 1681 572 in
1724 515 1994 574 hostem:

365 605 483 664 illic
524 624 825 682 pugnaces
865 606 1190 666 commouit
1236 605 1488 669 Hiberia
1528 619 1771 667 caetras.

363 700 524 778 eripe
565 701 775 761 uictori
814 714 1041 778 ἔειπες,
1084 714 1147 763 et
1185 703 1472 779 sanguine
1508 705 1716 763 mundi

364 798 512 870 fuso,
560 799 800 874 Magne,
845 800 1031 859 semel
1070 809 1231 860 totos
1269 819 1557 861 consume
1598 799 1943 876 triumphos,

615 937 832 996 Caesar
867 938 1140 996 discovers
1179 939 1313 996 that
1348 939 1443 996 the
1479 938 1631 997 bour
1667 939 1777 997 has
1814 956 1971 998 come.

447 1042 563 1102 Illo
600 1043 752 1101 forte
793 1041 892 1100 die
934 1042 1157 1100 Caesar
1196 1041 1451 1101 statione
1492 1041 1695 1102 relicta
2129 1078 2135 1089 κ
2181 1062 2273 1114 235

365 1137 443 1196 ad
484 1145 749 1211 segetum
790 1145 991 1211 raptus
1031 1146 1300 1196 moturus
1343 1135 1526 1213 signa,
1569 1146 1811 1213 repente

365 1231 656 1309 conspicit
696 1232 756 1291 in
797 1234 1011 1309 planos
1050 1233 1283 1292 hostem
1329 1234 1691 1294 descendere
1731 1251 1999 1309 campoS‚

366 1330 752 1404 oblatumque
793 1327 958 1387 uidet
1000 1327 1157 1387 uotis
1200 1326 1313 1387 sibi
1355 1327 1516 1389 mille
1556 1328 1810 1409 petitum

286 1455 292 1460 ·
364 1435 618 1501 tempuS,
659 1422 721 1482 in
762 1435 1054 1484 extremos
1097 1443 1217 1499 quo
1259 1422 1516 1487 mitteret
1558 1423 1760 1483 omnia
1800 1443 1986 1483 casus.

366 1541 539 1598 aeger
579 1520 799 1598 quippe
840 1540 1041 1583 morae
1083 1521 1450 1598 flagransque
1491 1518 1772 1596 cupidine
1814 1519 1980 1596 regni
2182 1542 2278 1589 240

368 1629 644 1693 coeperat
685 1616 900 1693 exiguo
942 1628 1127 1676 tractu
1168 1615 1366 1676 ciuilia
1406 1617 1562 1677 bella

368 1726 434 1773 ut
473 1717 695 1775 lentum
741 1715 1020 1774 damnare
1061 1716 1241 1774 nefas.
1328 1710 1666 1773 discrimina
1707 1723 2020 1789 postquam

369 1812 690 1871 aduentare
730 1810 951 1870 ducum
993 1828 1383 1886 supremaque
1421 1808 1646 1885 proelia
1685 1809 1850 1883 uidit,

368 1925 633 1967 casuram
675 1915 733 1965 et
767 1907 870 1966 fati
912 1906 1093 1966 sensit
1134 1916 1342 1965 nutare
1381 1905 1627 1977 ruinam,

369 2003 471 2062 illa
511 2021 750 2079 quoque
789 2002 851 2061 in
892 2004 1107 2062 ferrum
1149 2003 1340 2063 rabies
1381 1999 1822 2080 promptissima
1864 2002 2106 2077 paulum
2183 2021 2276 2074 245

371 2098 611 2177 languit,
653 2109 713 2159 et
752 2117 924 2158 casus
964 2100 1160 2159 audax
1201 2099 1497 2176 spondere
1537 2099 1834 2159 secundos

371 2214 541 2255 mens
582 2193 742 2255 stetit
782 2194 845 2254 in
887 2194 1087 2266 dubio,
1133 2215 1315 2272 quarn
1357 2215 1470 2256 nec
1512 2215 1618 2255 sua
1658 2199 1779 2256 fata
1820 2194 2024 2256 timere

330 2340 337 2346 .
371 2311 484 2352 nec
526 2290 734 2368 Magni
776 2311 1008 2368 sperare
1050 2290 1264 2350 sinunt.
1350 2291 1664 2352 formidine
1705 2313 1897 2355 mersa

372 2387 600 2464 prosilit
639 2389 935 2448 hortando
975 2387 1184 2448 melior
1224 2387 1442 2447 fiducia
1482 2391 1679 2466 uolgo.

791 2517 1056 2577 Caesar’s
1095 2517 1331 2577 address
1368 2523 1425 2574 to
1465 2517 1556 2577 lus
1596 2523 1799 2592 troops.

457 2626 473 2655 ‘
489 2623 546 2682 Ο
588 2619 848 2683 domitor
887 2618 1110 2692 mundi,
1153 2639 1349 2682 rerum
1390 2621 1623 2680 fortuna
1664 2639 1942 2694 mearum,
2189 2641 2285 2695 250

376 2717 560 2789 mileS,
605 2716 774 2777 adest
815 2715 1033 2779 totiens
1074 2726 1314 2794 optatae
1354 2715 1530 2792 copia
1569 2734 1814 2792 pugnae.

376 2813 458 2872 nil
498 2833 652 2890 opus
693 2823 784 2876 est
823 2812 1015 2885 uotis3
1068 2811 1186 2875 iam
1229 2814 1415 2873 fatum
1458 2811 1738 2873 accersite
1777 2813 1945 2877 ferro.

377 2910 438 2968 in
479 2909 755 2969 manibus
795 2909 1020 2981 uestriS,
1063 2920 1321 2985 quantus
1363 2908 1438 2968 sit
1480 2909 1713 2981 Caesar,
1757 2908 2001 2970 habetis.

381 3008 526 3066 haec
567 3016 658 3066 est
698 3005 799 3067 illa
839 3004 967 3067 dies
1008 3005 1155 3065 mihi
1195 3024 1377 3085 quam
1418 3004 1751 3065 Rubiconis
1790 3006 1869 3067 ad
1911 3006 2101 3067 undas

378 3100 727 3177 promissam
770 3100 1030 3172 memini,
1075 3100 1243 3161 cuius
1284 3120 1391 3178 spe
1432 3099 1727 3160 mouimus
1768 3118 1947 3171 arma,
2192 3119 2283 3172 255

378 3199 438 3255 in
481 3217 658 3274 quam
701 3196 1035 3257 distulimus
1075 3196 1291 3259 uetitos
1332 3214 1594 3257 remeare
1635 3194 2005 3273 triumphos;

489 3326 613 3379 haec
645 3327 823 3377 eadem
856 3333 947 3383 est,
980 3327 1132 3377 hodie
1164 3342 1292 3390 quae
1326 3325 1533 3389 pignora
1566 3338 1792 3386 quaeque
1827 3331 2031 3391 penates
2195 3337 2221 3370 2
2228 3333 2286 3384 57

490 3407 664 3456 reddat
697 3414 747 3459 et
779 3407 988 3459 emerito
1020 3406 1167 3457 faciat
1200 3421 1290 3455 uos
1326 3406 1489 3455 Marte
1522 3403 1740 3452 colonos.
2196 3404 2288 3461 258
