2600 3842
354 212 433 260 10
848 206 1128 258 LVCANI
1173 206 1273 256 DE
1321 205 1558 257 BELLO
1604 206 1832 257 CIVILI

426 356 575 415 haec
614 355 738 414 fato
780 373 933 430 quae
975 364 1124 415 teste
1166 353 1395 429 probet,
1440 351 1572 429 quis
1614 350 1822 412 iustius
1864 371 2025 411 arma

426 450 768 528 sumpserit:
825 450 974 509 haec
1015 448 1172 509 acies
1212 448 1436 509 uictum
1476 450 1701 508 factura
1740 459 2056 513 nocentem
2099 458 2205 507 est.
2249 455 2349 506 260

427 548 477 608 si
517 567 626 624 pro
666 566 764 606 me
805 546 1054 623 patriam
1094 548 1248 606 ferro
1288 544 1658 622 flammisque
1698 544 1945 622 petistiS‚

428 662 589 702 nunc
630 652 893 719 pugnate
934 654 1130 703 truces
1168 642 1491 719 gladioque
1532 641 1819 702 exsoluite
1861 641 2112 717 culpam.

428 741 590 799 nulla
629 757 840 798 manus
882 738 1024 798 belli
1065 748 1294 797 mutato
1335 738 1532 798 iudice
1572 757 1720 815 pura
1760 749 1865 798 est.

426 856 551 896 non
592 834 737 894 mihi
776 854 867 895 res
906 834 1111 911 agitur,
1157 834 1268 894 sed
1307 853 1432 906 uOS,
1478 847 1544 894 ut
1584 834 1768 896 libera
1810 833 1934 893 sitis

428 935 616 1003 turba,
658 950 884 1009 precor,
927 941 1134 1007 gentes
1174 941 1240 991 ut
1280 932 1371 990 ius
1412 930 1680 991 habeatis
1719 930 1783 990 in
1824 949 2077 1006 omnes·
2249 940 2344 1002 265

427 1027 555 1108 ipse
595 1047 724 1105 eg0,
769 1026 1032 1104 priuatae
1074 1025 1329 1101 cupidus
1373 1046 1469 1088 me
1510 1027 1756 1087 reddere
1799 1026 1957 1086 uitae

428 1125 781 1203 plebeiaque
823 1134 962 1201 toga
1002 1122 1307 1183 modicum
1349 1143 1710 1201 componere
1751 1122 1962 1195 ciuem,

430 1222 631 1283 omnia
671 1224 816 1282 dum
859 1220 1032 1281 uobis
1072 1220 1309 1290 liceant,
1350 1220 1497 1279 nihil
1537 1241 1666 1281 esse
1707 1240 1932 1280 recuso.

431 1318 659 1378 inuidia
698 1329 938 1394 regnate
979 1336 1128 1376 mea.
1216 1336 1331 1377 nec
1370 1317 1655 1395 sanguine
1697 1318 1886 1377 multo
1968 1389 1982 1396 ρ

433 1435 598 1492 spem
641 1414 852 1475 mundi
893 1414 1136 1491 petitis:
1194 1414 1388 1476 Graiis
1430 1416 1663 1476 delecta
1702 1414 1979 1477 iuuentus
2253 1436 2353 1487 270

431 1512 746 1591 gymnasiis
787 1512 977 1573 aderit
1018 1512 1336 1589 studioque
1376 1512 1593 1589 ignaua
1632 1514 1959 1589 palaestrae

437 1622 499 1671 et
540 1611 641 1669 uix
682 1629 846 1669 arma
885 1610 1094 1682 ferenS,
1139 1620 1240 1669 aut
1282 1608 1499 1669 mixtae
1539 1609 1783 1669 dissona
1821 1613 2028 1669 turbae

435 1705 752 1779 barbaries,
794 1725 919 1766 non
959 1706 1061 1766 illa
1100 1709 1289 1779 tubaS,
1334 1726 1457 1765 non
1499 1705 1733 1783 agmine
1774 1716 1941 1765 moto

433 1806 754 1864 clamorem
798 1806 987 1863 latura
1025 1823 1215 1863 suum.
1300 1802 1501 1862 ciuilia
1539 1821 1769 1878 paucae

432 1901 593 1961 bella
631 1918 842 1958 manus
884 1898 1136 1959 facient:
1190 1918 1429 1976 pugnae
1470 1918 1607 1975 pars
1648 1917 1863 1976 magna
1902 1897 2125 1958 leuabit
2256 1920 2353 1974 275

432 1996 524 2056 his
565 1998 773 2057 orbem
812 1995 1048 2073 populis
1092 1999 1558 2074 Romanumque
1598 1996 1828 2056 obteret
1868 1996 2119 2056 hostem.

434 2094 516 2153 ite
555 2112 662 2171 per
701 2091 944 2170 ignauas
984 2093 1176 2170 gentis
1216 2095 1564 2169 famosaque
1603 2111 1801 2169 regna,

434 2201 496 2251 et
537 2190 730 2267 primo
771 2188 907 2249 ferri
947 2202 1116 2250 motu
1157 2190 1514 2267 prosternite
1555 2190 1845 2248 mundum
1863 2209 1883 2262 3

434 2288 627 2364 sitque
669 2288 868 2363 palam
910 2306 1056 2364 quas
1100 2299 1189 2348 tot
1229 2287 1396 2348 duxit
1437 2286 1759 2363 Pompeius
1800 2286 1861 2345 in
1905 2288 2112 2347 urbem

435 2387 700 2447 curribus
739 2385 913 2444 unius
955 2397 1161 2463 gentes
1203 2406 1328 2445 non
1370 2404 1500 2446 esse
1541 2383 1839 2461 triumphi.
2258 2394 2356 2445 280

436 2483 830 2545 Armeniosne
871 2495 1090 2556 mouet,
1136 2487 1416 2545 Romana
1455 2482 1726 2562 potentia
1764 2483 1929 2542 cuius

438 2582 512 2643 sit
553 2581 760 2642 ducis?
799 2593 902 2642 aut
943 2593 1210 2658 emptum
1252 2580 1504 2643 minimo
1545 2583 1673 2642 uolt
1714 2581 1996 2658 sanguine
2037 2581 2358 2660 quisquam

438 2679 722 2738 barbarus
766 2678 1076 2756 Hesperiis
1118 2681 1413 2756 Magnum
1455 2697 1819 2756 praeponere
1859 2679 2078 2739 rebus?

441 2779 750 2836 Romanos
792 2778 974 2837 odere
1016 2796 1225 2838 omnes
1266 2777 1669 2851 dominosque
1709 2788 2065 2853 grauantur3

441 2893 591 2951 quos
633 2894 870 2946 nouere,
915 2874 1117 2952 magiS.
1204 2876 1313 2935 sed
1353 2894 1451 2934 me
1495 2877 1759 2935 Fortuna
1799 2894 2069 2935 meorum
2260 2884 2359 2949 285

440 2967 737 3029 commisit
778 2972 1070 3043 manibu5‚
1115 2989 1363 3047 quarum
1405 2990 1502 3029 me
1545 2969 1739 3031 Gallia
1778 2980 1992 3030 testem

441 3077 532 3127 tot
570 3066 710 3127 fecit
750 3067 937 3128 bellis,
1019 3069 1189 3127 cuius
1231 3089 1356 3128 non
1397 3068 1599 3128 militis
1639 3086 1847 3129 ensem

442 3165 805 3240 agnoscam?
871 3165 1224 3241 caelumque
1264 3176 1526 3225 tremens
1566 3183 1706 3224 cum
1746 3165 1956 3225 lancea
1995 3164 2220 3238 transit,

442 3258 640 3319 dicere
681 3278 804 3317 non
844 3260 1027 3332 fallar,
1072 3280 1195 3336 quo
1236 3261 1312 3321 sit
1352 3260 1583 3322 uibrata
1623 3262 1859 3321 lacerto.

444 3354 610 3430 quod
650 3352 700 3414 si
741 3353 907 3431 signa
948 3356 1164 3416 ducem
1204 3375 1535 3433 numquam
1573 3355 1837 3417 fallentia
1876 3366 2142 3416 uestrum
2269 3378 2369 3428 290

443 3449 748 3527 conspicio
788 3451 1089 3529 faciesque
1130 3464 1324 3514 truces
1366 3457 1695 3530 oculosque
1735 3455 2016 3526 minaces,
