2600 3842
322 204 403 267 24
824 201 1098 251 LVCANI
1144 202 1242 251 DE
1287 202 1526 253 BELLO
1572 202 1803 253 CIVILI

395 348 720 425 respexisse
760 361 971 425 uacat3
1026 370 1163 427 spes
1205 370 1532 429 numquam
1571 350 1876 428 implenda
1917 350 2191 425 recessit3

397 446 540 524 quid
581 445 774 522 fueris,
817 466 978 508 nunc
1018 447 1167 508 scire
1207 447 1363 509 licet.
1446 450 1585 525 fuge
1625 448 1851 525 proelia
1891 445 2034 522 dira,

394 566 466 606 ac
506 558 722 608 testare
764 548 911 608 deos
953 548 1202 621 nullum,
1245 547 1349 622 qui
1390 556 1614 624 perstet
1656 545 1718 605 in
1757 544 1954 618 armis,
2217 553 2319 617 690

394 643 514 702 iam
557 641 683 715 tibi,
727 645 965 720 Magne,
1011 644 1178 704 mori.
1253 664 1367 704 ceu
1407 643 1617 705 flebilis
1658 642 1858 702 Africa
1898 642 2132 702 damnis

394 753 455 801 et
494 759 604 801 ceu
649 740 883 800 Munda
922 760 1148 801 nocens
1189 739 1526 817 Pharioque
1566 760 1602 800 a
1641 738 1866 817 gurgite
1907 739 2123 807 cladeS‚
2585 750 2588 839 ⁴

393 838 478 897 sic
518 849 580 898 et
621 836 998 898 Thessalicae
1039 849 1177 916 post
1219 849 1278 899 te
1320 857 1458 915 pars
1500 835 1758 896 maxima
1797 855 2035 913 pugnae

392 954 515 994 non
556 933 674 994 iam
717 936 966 1011 Pompei
1011 954 1233 997 nomen
1273 935 1559 1012 populare
1598 953 1705 1010 per
1745 936 1952 994 orbem

393 1050 505 1091 nec
548 1031 807 1091 studium
853 1032 1008 1103 belli,
1055 1032 1162 1092 sed
1201 1051 1310 1109 par
1350 1033 1513 1108 quod
1556 1051 1795 1108 semper
1832 1032 2138 1103 habemus,
2213 1040 2311 1104 695

392 1127 630 1187 libertas
672 1139 731 1189 et
773 1130 1012 1200 Caesar,
1057 1127 1165 1188 erit
1182 1150 1200 1202 3
1258 1139 1437 1204 teque
1478 1127 1620 1189 inde
1660 1129 1862 1206 fugato

390 1224 654 1285 ostendit
693 1224 951 1285 moriens
994 1224 1105 1284 sibi
1147 1243 1212 1285 se
1253 1244 1547 1302 pugnasse
1590 1236 1843 1285 senatus,

387 1382 590 1439 Better
624 1380 810 1457 defiat
845 1381 973 1439 and
1005 1382 1174 1440 death
1216 1382 1363 1441 than
1404 1382 1619 1458 victory
1658 1384 1791 1441 such
1831 1402 1901 1441 as
1948 1362 2222 1443 Caesdr's.

468 1502 686 1562 Nonne
728 1501 893 1563 iuuat
933 1504 1169 1578 pulsum
1210 1502 1383 1562 bellis
1424 1500 1669 1563 cessisse
1713 1523 1826 1564 nec
1865 1505 2023 1564 istud

385 1609 790 1674 perspectasse
833 1601 1017 1670 nefaS,
1061 1597 1390 1675 spumantis
1430 1601 1617 1661 caede
1658 1603 1967 1661 cateruas?

384 1694 608 1771 respice
649 1699 916 1756 turbatos
957 1695 1197 1756 incursu
1239 1694 1542 1773 sanguinis
1583 1715 1806 1769 amnes,
2209 1718 2309 1769 700

383 1803 444 1852 et
485 1791 672 1853 soceri
711 1792 986 1853 miserere
1027 1790 1129 1854 tui.
1213 1813 1337 1870 quo
1378 1803 1618 1870 pectore
1659 1796 1918 1853 Romam

383 1886 624 1946 intrabit
664 1887 852 1947 factus
894 1886 1123 1964 campis
1163 1886 1390 1948 felicior
1429 1885 1555 1947 istis
1571 1891 1600 1948 ?

382 1982 669 2060 quidquid
711 1983 774 2043 in
816 1983 1030 2061 ignotis
1073 1986 1233 2045 solus
1274 1983 1615 2062 regionibus
1656 1985 1840 2057 exsul,

381 2078 674 2157 quidquid
716 2083 826 2142 sub
868 2080 1084 2142 Phario
1124 2080 1354 2161 positus
1396 2080 1620 2158 patiere
1661 2093 1930 2158 tyrann0‚

381 2178 558 2237 crede
599 2178 744 2250 deis,
788 2179 968 2255 longo
1009 2180 1265 2238 fatorum
1308 2179 1486 2239 crede
1525 2178 1730 2251 fauori,
2203 2198 2302 2254 705

379 2273 619 2333 uincere
661 2272 828 2350 peius
870 2286 1009 2336 erat.
1096 2274 1348 2352 prohibe
1389 2277 1666 2335 lamenta>
1692 2294 1919 2349 sonare,

379 2371 517 2431 flere
559 2383 701 2431 ueta
740 2373 1013 2448 populos,
1055 2371 1328 2432 lacrimas
1369 2374 1681 2448 luctusque
1721 2371 1973 2434 remitte.

379 2480 502 2527 tarn
543 2470 700 2528 mala
740 2468 992 2546 Pompei
1033 2488 1214 2545 quam
1256 2488 1543 2547 prospera
1583 2471 1840 2529 mundus
1880 2472 2103 2531 adoret.

376 2566 622 2643 adspice
664 2585 903 2626 securus
944 2568 1113 2627 uoltu
1155 2586 1278 2626 non
1322 2566 1597 2644 supplice
1637 2587 1803 2644 reges
1821 2590 1838 2643 3

378 2662 618 2739 adspice
658 2681 962 2740 possessas
1002 2664 1178 2724 urbes
1220 2665 1567 2739 donataque
1610 2682 1805 2741 regna,
2200 2686 2303 2737 710

377 2763 711 2837 Aegyptum
757 2756 1164 2836 Libyamque:
1220 2769 1280 2820 et
1323 2771 1505 2820 terras
1549 2757 1698 2838 elige
1740 2760 1929 2821 morti.
2575 2784 2583 3133 ἓ

815 2922 1103 2999 Pompcy’s
1142 2925 1393 2985 welcome
1431 2927 1494 2986 in
1536 2928 1773 2986 Lanka.

453 3040 621 3104 Vidit
660 3040 849 3120 prima
890 3053 1027 3105 tuae
1068 3044 1234 3107 testis
1275 3047 1479 3109 Larisa
1517 3048 1723 3108 ruinae

375 3140 578 3202 nobile
618 3159 732 3201 nec
772 3140 996 3199 uictum
1038 3141 1172 3201 fatis
1212 3154 1413 3221 caput.
1498 3145 1774 3205 omnibus
1816 3145 1916 3206 illa

374 3236 605 3298 ciuibus
646 3236 853 3298 effudit
894 3247 1052 3298 totas
1092 3257 1198 3315 per
1237 3238 1476 3300 moenia
1518 3241 1673 3302 uires

374 3333 570 3405 obuia,
614 3354 724 3395 ceu
765 3335 962 3409 laeto;
1023 3336 1375 3412 promittunt
1416 3356 1663 3399 munera
1705 3339 1952 3400 flentes:
2195 3361 2297 3419 715

374 3430 645 3504 pandunt
685 3432 909 3508 templa
949 3432 1207 3504 dom0s3
1261 3433 1457 3495 socios
1500 3454 1564 3495 se
1605 3434 1873 3496 cladibus
1915 3446 2145 3515 optant.
