2600 3842
941 200 1080 251 LIB.
1125 200 1232 250 vn
1276 182 1638 263 688—746.
2213 193 2247 240 2
2257 190 2287 257 5

375 350 603 413 scilicet
641 334 916 411 inmenso
957 359 1226 426 superest
1267 367 1343 407 ex
1384 344 1630 405 nomine
1668 342 1957 402 multum:

374 460 555 524 teque
596 446 790 507 minor
829 447 977 520 solo,
1020 455 1266 505 cunctas
1309 442 1593 520 inpellere
1633 450 1841 518 gentes

374 566 571 607 rursus
612 544 675 604 in
716 564 882 605 arma
920 555 1109 621 poteS,
1152 559 1469 617 rursusque
1508 537 1574 598 in
1613 540 1735 598 fata
1773 534 1979 597 redire.

375 642 481 702 sed
522 638 711 716 ‘Quid
753 658 905 715 opus
944 637 1106 697 uicto
1146 636 1385 714 populis
1425 645 1527 695 aut
1562 631 1865 694 urbibus?’
1910 629 2105 709 inquit
2194 651 2293 702 720

376 742 392 771 ‘
409 736 621 799 uictori
661 747 958 814 praestate
999 734 1219 795 fidem?
1301 744 1385 808 tu,
1430 734 1665 804 Caesar,
1710 731 1772 791 in
1814 732 1937 791 alto

373 833 574 896 caedis
613 834 811 893 adhuc
850 833 1092 892 cumulo
1133 829 1361 908 patriae
1401 849 1507 906 per
1547 827 1774 888 uiscera
1814 828 2024 888 uadist

374 942 435 991 at
475 930 585 992 tibi
625 930 744 990 iam
786 930 1044 1007 populos
1085 929 1273 989 donat
1312 946 1507 1006 gener.
1593 925 1793 986 auehit
1833 922 1976 985 inde

375 1026 727 1104 Pompeium
769 1025 1046 1104 sonipes:
1099 1023 1353 1103 gemitus
1394 1022 1787 1099 lacrimaeque
1830 1031 2106 1082 secuntur

373 1125 744 1205 plurimaque
783 1125 847 1185 in
889 1142 1100 1185 saeuos
1141 1120 1352 1199 populi
1390 1119 1665 1182 conuicia
1705 1120 1895 1182 diuos,
2195 1138 2288 1191 725

374 1244 535 1284 nunc
574 1222 684 1284 tibi
724 1241 865 1282 uera
903 1222 1053 1282 fides
1094 1218 1362 1297 quaesiti,
1410 1220 1652 1295 Magne,
1695 1216 1915 1277 fauoris

374 1319 622 1398 contigit
666 1339 739 1380 ac
778 1320 1016 1378 fructus,
1099 1317 1238 1378 felix
1278 1335 1344 1377 se
1384 1316 1573 1376 nescit
1612 1317 1814 1375 amari.

388 1485 608 1546 Caesar
643 1492 796 1561 steps
832 1482 929 1543 the
963 1481 1258 1558 slaughter
1291 1481 1422 1539 and
1452 1500 1743 1539 summons
1780 1481 1876 1539 his
1915 1488 2103 1560 troops
2142 1489 2198 1541 lo

652 1584 793 1641 seize
827 1580 957 1639 and
971 1580 1232 1655 plunder
1266 1579 1363 1637 the
1397 1578 1713 1653 Pompeian
1752 1587 1926 1654 camp.

452 1705 674 1766 Caesar
712 1712 776 1763 ut
821 1698 1122 1778 Hesperio
1162 1697 1313 1760 uidit
1354 1697 1494 1760 satis
1535 1717 1676 1758 arua
1718 1709 1923 1759 natare

372 1801 676 1876 sanguine,
716 1799 1082 1877 parcendum
1120 1798 1274 1858 ferro
1317 1794 1710 1873 manibusque
1753 1816 1992 1857 suorum

369 1896 488 1956 iam
530 1907 708 1968 ratus,
751 1907 817 1956 ut
857 1895 1005 1957 uiles
1045 1893 1274 1954 animas
1316 1893 1693 1970 perituraque
1734 1896 1944 1955 frustra
2193 1915 2290 1969 730

370 1994 607 2071 agmina
646 1992 912 2072 permisit
949 1991 1126 2053 uitae.
1210 1993 1319 2052 sed
1361 2002 1551 2051 castra
1589 1993 1821 2069 fugatos

370 2110 448 2152 ne
488 2101 772 2152 reuocent
813 2092 1113 2168 pellatque
1155 2089 1324 2166 quies
1366 2099 1657 2149 nocturna
1698 2108 2001 2167 pauorem,

369 2189 640 2265 protinus
681 2188 880 2248 hostili
922 2185 1125 2247 statuit
1165 2188 1484 2247 succedere
1525 2189 1702 2260 uallo,

371 2287 514 2346 dum
557 2287 793 2346 fortuna
833 2284 1006 2360 calet,
1051 2286 1197 2345 dum
1238 2283 1479 2344 conficit
1519 2286 1723 2346 omnia
1765 2297 1966 2359 terror,

371 2402 494 2443 non
534 2382 774 2457 uerituS,
815 2402 995 2460 graue
1035 2401 1113 2442 ne
1152 2382 1323 2443 fessis
1368 2380 1525 2449 †aut
1566 2385 1762 2444 Marte
1803 2383 2060 2444 subactis
2083 2382 2117 2450 ἦ·
2192 2404 2285 2457 735

370 2482 488 2541 hoc
526 2481 678 2542 foret
718 2479 1052 2559 imperium.
1133 2498 1257 2540 non
1297 2498 1516 2556 magno
1556 2480 1888 2542 hortamine
1929 2480 2101 2542 miles

370 2578 433 2637 in
474 2579 757 2654 praedam
799 2578 1107 2639 ducendus
1148 2588 1309 2652 erat3
1372 2581 1388 2611 ‘
1405 2576 1670 2637 Victoria
1710 2576 1886 2638 nobis

369 2676 565 2754 plena,
609 2673 719 2735 uiri
737 2674 781 2750 ς’
837 2673 987 2735 dixit
1035 2679 1335 2752 ‘superest
1373 2691 1484 2750 pro
1525 2673 1811 2751 sanguine
1854 2692 2096 2748 merceS,

371 2791 550 2849 quam
582 2781 912 2832 monstrare
940 2791 1138 2832 meum
1169 2781 1259 2831 est
1276 2793 1294 2845 3
1339 2787 1538 2844 neque
1566 2770 1727 2830 enim
1766 2772 1992 2832 donare
2035 2773 2285 2841 uocab0,

369 2869 535 2945 quod
578 2866 691 2928 sibi
733 2866 983 2945 quisque
1025 2866 1206 2927 dabit.
1294 2867 1524 2926 cunctis
1566 2886 1643 2927 en
1683 2869 1863 2946 plena
1902 2866 2157 2928 metallis
2192 2889 2289 2940 740

369 2975 562 3025 castra
601 2975 845 3041 patent;
900 2975 1136 3041 raptum
1179 2962 1489 3040 Hesperiis
1532 2982 1569 3024 e
1608 2964 1884 3041 gentibus
1925 2984 2134 3025 aurum

366 3059 467 3120 hic
508 3061 677 3133 iacet,
724 3063 1002 3137 ansque
1044 3071 1322 3137 premunt
1362 3060 1615 3121 tentoria
1654 3081 1841 3139 gazas.

367 3168 458 3218 tot
498 3175 702 3234 regum
743 3158 982 3217 fortuna
1022 3155 1197 3216 simul
1241 3157 1569 3234 Magnique
1610 3168 1820 3218 coacta

368 3264 672 3331 exspectat
712 3253 1023 3315 dominos:
1078 3272 1332 3330 propera
1371 3254 1745 3330 praecedere,
1789 3253 1974 3325 miles,

369 3370 523 3429 quos
565 3349 861 3427 sequeris3
916 3368 1326 3428 quascumque
1365 3360 1495 3410 tuas
1539 3348 1840 3410 Pharsalia
1880 3349 2037 3422 fecit,
2189 3370 2285 3424 745

368 3466 409 3508 a
447 3445 618 3507 uictis
659 3447 965 3525 rapiuntur
1003 3446 1185 3524 opes!
1268 3464 1384 3506 nec
1423 3449 1595 3524 plura
1635 3449 1870 3508 locutus
