2600 3842
933 172 1072 224 ΜΒ.
1117 172 1224 221 V11
1268 161 1486 238 448—
1492 172 1630 238 501.
2209 177 2231 221 1
2246 173 2284 236 7

363 315 540 378 elisus
581 313 740 376 lituis
782 325 1193 392 conceptaque
1234 313 1481 375 classica
1520 334 1724 386 cornu,

362 423 505 472 tunc
546 430 726 471 ausae
767 411 909 470 dare
950 410 1118 488 signa
1158 413 1357 483 tubae,
1400 423 1543 470 tunc
1583 413 1823 471 aethera
1864 410 2056 473 tendit

364 509 724 586 extremique
765 510 956 585 fragor
996 527 1266 568 conuexa
1307 506 1589 584 inrumpit
1630 506 1891 586 Olympi,

362 606 522 664 unde
564 604 774 680 procul
815 606 1024 676 nubeS‚
1068 622 1190 678 quo
1231 603 1398 661 nulla
1437 603 1700 662 tonitrua
1740 604 1974 663 durant.

363 699 598 778 excepit
638 699 866 759 resonis
907 701 1226 759 clamorem
1266 698 1523 758 uallibus
1567 702 1858 775 HaemuS‚
2183 711 2281 773 480

365 796 735 871 Peliacisque
777 797 945 855 dedit
985 816 1182 856 rursus
1222 795 1525 873 geminare
1566 796 1871 871 cauernis3

362 893 587 954 Pindus
627 891 749 969 agit
789 891 1073 968 fremituS,
1120 896 1514 970 Pangaeaque
1556 913 1697 953 saxa
1735 897 2034 968 resultant,

362 993 744 1066 Oetaeaeque
785 1002 1031 1068 gemunt
1071 1010 1286 1068 rupes3
1341 1009 1638 1067 uocesque
1679 990 1888 1051 furoris

359 1106 654 1163 expauere
698 1086 788 1147 sui
830 1097 959 1147 tota
999 1089 1209 1149 tellure
1249 1089 1482 1148 relatas.

358 1184 646 1262 spargitur
684 1183 1061 1244 innumerum
1104 1183 1354 1245 diuersis
1395 1184 1616 1247 missile
1656 1186 1851 1248 uotis:
2181 1199 2275 1263 485

357 1283 604 1343 uolnera
643 1301 780 1358 pars
823 1292 1010 1359 optat,
1056 1302 1192 1359 pars
1233 1292 1421 1342 terrae
1460 1284 1638 1359 figere
1678 1286 1796 1344 tela

310 1450 323 1460 κ
357 1398 432 1438 ac
472 1398 649 1456 puras
690 1397 925 1440 seruare
966 1398 1192 1439 manus,
1280 1380 1434 1457 rapit
1476 1379 1680 1440 omnia
1720 1399 1910 1453 casuS,

358 1489 541 1554 atque
581 1478 807 1536 incerta
848 1475 988 1537 facit
1030 1495 1180 1551 quos
1222 1478 1353 1538 uolt
1393 1479 1657 1537 Fortuna
1696 1490 1998 1539 nocentes.
2179 1490 2276 1551 488

356 1584 498 1633 tunc
540 1583 600 1634 et
642 1573 864 1633 Ituraei
909 1574 1198 1650 Medique
1238 1575 1588 1649 Arabesque
1621 1573 1821 1648 soluti,
2183 1599 2277 1650 514

356 1690 497 1730 arcu
539 1672 713 1731 turba
754 1670 971 1743 minax,
1014 1690 1313 1747 nusquam
1353 1690 1551 1732 rexere
1594 1673 1834 1748 sagittas
1850 1694 1869 1747 3
2184 1695 2275 1746 515

357 1770 465 1828 sed
506 1767 723 1845 petitur
764 1770 925 1827 solus
967 1767 1070 1844 qui
1111 1768 1340 1844 campis
1381 1767 1631 1829 inminet
1672 1788 1772 1830 aer
1789 1791 1807 1844 3

356 1867 498 1926 inde
541 1868 764 1926 cadunt
806 1876 1029 1926 mortes
1047 1885 1067 1939 ;
1122 1862 1358 1925 sceleris
1402 1867 1508 1925 sed
1542 1865 1795 1926 crimine
1837 1868 2001 1926 nullo

360 1974 666 2023 externum
708 1963 1010 2022 maculant
1049 1963 1400 2039 chalybem:
1457 1963 1619 2023 stetit
1660 1981 1838 2023 omne
1881 1975 2153 2023 coactum

357 2061 513 2121 circa
552 2061 676 2138 pila
716 2062 900 2120 nefas,
973 2061 1126 2120 ferro
1169 2044 1502 2120 subtexitur
1539 2061 1757 2133 aether,

354 2178 596 2236 noxque
636 2177 813 2234 super
853 2175 1097 2232 campos
1139 2156 1272 2216 telis
1314 2168 1586 2217 conserta
1624 2157 1927 2234 pependit.
2183 2180 2277 2232 520

357 2257 464 2317 sed
507 2267 693 2332 quota
731 2273 867 2331 pars
908 2253 1094 2313 cladis
1135 2252 1340 2313 iaculis
1381 2256 1652 2330 ferroque
1692 2254 1922 2315 uolanti
2179 2266 2275 2327 489

359 2365 565 2415 exacta
604 2355 738 2413 est?
821 2351 977 2412 odiis
1018 2351 1180 2411 solus
1220 2350 1494 2411 ciuilibus
1535 2350 1692 2412 ensis

359 2450 572 2512 sufficit
613 2461 674 2512 et
716 2452 950 2510 dextras
993 2451 1273 2508 Romana
1311 2447 1372 2507 in
1416 2448 1641 2508 uiscera
1682 2448 1861 2509 ducit.

359 2546 613 2626 Pompei
653 2546 853 2607 densis
895 2543 1051 2605 acies
1093 2543 1313 2622 stipata
1353 2545 1606 2605 cateruis

358 2645 627 2706 iunxerat
669 2643 732 2704 in
774 2642 987 2704 seriem
1028 2643 1192 2704 nexis
1233 2642 1599 2703 umbonibus
1640 2661 1817 2714 arma,

356 2745 577 2820 uixque
618 2741 891 2802 habitura
932 2742 1130 2801 locum
1174 2742 1411 2800 dextras
1452 2758 1524 2799 ac
1566 2741 1685 2799 tela
1722 2737 2008 2799 mouendi

357 2842 704 2901 constiterat
744 2838 1093 2917 gladiosque
1135 2856 1273 2897 suos
1315 2856 1655 2915 compressa
1693 2836 1959 2896 timebat.
2178 2857 2273 2911 495

357 2933 665 3013 praecipiti
706 2954 879 2995 cursu
920 2952 1247 2994 uaesanum
1289 2933 1561 2994 Caesaris
1602 2953 1817 3010 agmen

354 3032 420 3093 in
460 3035 681 3093 densos
723 3033 912 3109 agitur
952 3050 1176 3091 cuneos
1215 3050 1443 3108 perque
1484 3051 1663 3103 arma,
1707 3050 1815 3107 per
1854 3031 2086 3090 hostem

355 3132 586 3207 quaerit
626 3130 750 3190 iter.
837 3127 955 3206 qua
997 3139 1152 3189 torta
1190 3148 1399 3206 graues
1443 3127 1627 3188 lorica
1668 3139 1907 3188 catenas

357 3227 612 3306 opponit
654 3239 905 3304 tutoque
944 3229 1088 3286 latet
1133 3229 1246 3286 sub
1287 3225 1551 3303 tegmine
1590 3236 1819 3302 pectus,

355 3326 473 3385 hac
514 3344 756 3402 quoque
798 3336 1153 3402 peruentum
1194 3334 1285 3384 est
1324 3324 1402 3383 ad
1440 3322 1685 3394 uiscera,
1728 3332 1936 3398 totque
1971 3342 2077 3400 per
2113 3343 2276 3383 arma

356 3430 687 3480 extremum
728 3430 820 3482 est
860 3420 1026 3497 quod
1068 3417 1320 3496 quisque
1360 3415 1509 3478 ferit.
1594 3414 1795 3476 ciuilia
1835 3416 1992 3476 bella
2182 3437 2271 3489 501

435 3549 577 3596 P.1..
2079 3547 2111 3587 2
