2600 3842
1032 156 1172 211 ΠΒ.
1214 156 1324 207 vn
1371 144 1732 223 805-865,
2305 159 2389 223 29

455 321 640 363 omne
680 321 895 363 nemus
934 301 1094 363 misit
1133 304 1408 363 uolucres
1449 302 1764 379 omnisque
1804 312 2051 362 cruenta

454 398 598 460 alite
638 397 978 477 sanguineis
1019 398 1264 459 stillauit
1304 401 1536 460 roribus
1577 401 1768 459 arbor.

455 514 640 572 saepe
682 514 862 572 super
899 497 1098 556 uoltus
1139 494 1383 557 uictoris
1423 506 1484 557 et
1524 493 1689 571 inpia
1730 494 1897 573 signa

455 603 563 653 aut
601 611 775 653 cruor
812 602 918 653 aut
957 595 1080 654 alto
1121 593 1368 654 defluxit
1408 595 1486 653 ab
1527 594 1763 653 aethere
1804 594 1991 666 tabeS,

455 690 844 767 membraque
883 690 1102 751 deiecit
1142 688 1261 749 iam
1301 690 1471 751 lassis
1512 689 1807 769 unguibus
1846 693 1986 751 aleS.
2285 699 2385 762 840

455 784 543 846 sic
584 806 826 866 quoque
866 806 990 848 non
1033 786 1230 848 omnis
1271 789 1535 865 populus
1575 786 1850 865 peruenit
1888 789 1969 848 ad
2010 806 2145 848 ossa

454 878 639 957 inque
678 882 832 943 feras
873 881 1204 959 discerptus
1245 882 1406 944 abit:
1462 900 1585 942 non
1628 880 1840 942 intima
1880 892 2086 945 curant

452 977 681 1040 uiscera
720 998 835 1039 nec
878 989 1033 1040 totas
1074 977 1251 1041 auide
1294 981 1534 1039 sorbere
1573 980 1906 1055 medullas3

455 1076 774 1152 degustant
816 1087 992 1137 artus.
1079 1075 1287 1137 Latiae
1328 1096 1463 1153 pars
1506 1074 1763 1136 maxima
1801 1078 2010 1137 turbae

452 1173 712 1234 fastidita
751 1173 941 1236 iacet:
998 1194 1179 1252 quam
1222 1176 1313 1234 sol
1354 1171 1663 1250 nimbique
1705 1173 1952 1251 diesque
2282 1184 2377 1249 845

452 1269 683 1349 longior
725 1270 1020 1333 Emathiis
1060 1272 1379 1333 resolutam
1421 1271 1659 1332 miscuit
1699 1270 1870 1333 aruis.

861 1494 1222 1571 Apostrophe
1257 1500 1316 1553 to
1344 1494 1535 1570 guilty
1582 1493 1868 1569 Thessaly.

529 1653 840 1716 Thessalia
877 1653 1096 1728 infelix,
1140 1675 1260 1733 quo
1304 1666 1471 1717 tanto
1514 1654 1759 1716 crimine
1800 1655 1974 1714 tellus

449 1752 667 1814 laesisti
709 1771 971 1830 superOS,
1015 1764 1082 1814 ut
1123 1764 1182 1814 te
1224 1765 1313 1813 tot
1354 1753 1642 1813 mortibus
1683 1772 1885 1825 unam,

450 1864 538 1913 tot
579 1853 870 1913 scelerum
910 1850 1045 1911 fatis
1085 1854 1465 1929 premerent?
1546 1850 1710 1926 quod
1753 1848 1967 1909 sufficit
2006 1868 2220 1910 aeuum

449 1947 742 2010 inmemor
782 1959 848 2009 ut
890 1950 1074 2009 donet
1115 1948 1255 2009 belli
1295 1947 1404 2008 tibi
1446 1948 1666 2008 damna
1705 1950 2015 2007 uetustas?
2273 1955 2373 2020 850

447 2065 600 2123 quae
641 2065 810 2123 seges
850 2044 1069 2106 infecta
1109 2057 1307 2124 surget
1349 2064 1472 2105 non
1513 2044 1756 2105 decolor
1796 2044 2023 2105 herba?

448 2159 567 2216 quo
609 2159 734 2201 non
777 2142 1088 2201 Romanos
1129 2140 1384 2201 uiolabis
1426 2159 1669 2201 uomere
1710 2142 1962 2199 manes?

446 2250 584 2300 ante
624 2258 820 2300 nouae
861 2238 1107 2299 uenient
1145 2239 1320 2312 acieS‚
1368 2238 1692 2315 scelerique
1732 2237 2000 2297 secundo

445 2335 766 2415 praestabis
809 2336 1078 2396 nondum
1123 2336 1314 2397 siccos
1356 2337 1474 2396 hoc
1514 2336 1799 2411 sanguine
1839 2353 2101 2413 campos.

445 2432 648 2493 omnia
687 2430 975 2493 maiorum
1020 2443 1323 2494 uertamus
1365 2433 1541 2493 busta
1579 2431 1798 2503 licebit,
2269 2440 2363 2506 855

444 2540 502 2590 et
543 2529 751 2590 stantis
793 2532 1070 2605 tumuIOS,
1116 2541 1177 2590 et
1216 2529 1320 2607 qui
1361 2529 1561 2590 radice
1601 2539 1836 2589 uetusta

443 2628 704 2689 effudere
745 2646 881 2687 suas
921 2626 1092 2687 uictis
1133 2627 1499 2705 conpagibus
1540 2646 1730 2699 umaS,

444 2725 573 2800 plus
614 2723 882 2784 cinerum
926 2723 1308 2784 Haemoniae
1348 2722 1526 2784 sulcis
1566 2719 1790 2782 telluris
1830 2731 2038 2793 aratur,

444 2820 731 2896 pluraque
770 2818 1034 2879 ruricolis
1076 2819 1365 2880 feriuntur
1405 2818 1685 2881 dentibus
1726 2837 1877 2879 ossa.

443 2916 635 2975 nullus
676 2918 756 2977 ab
798 2916 1078 2977 Emathio
1118 2916 1422 2994 religasset
1463 2917 1633 2977 litore
1674 2918 1876 2976 funem
2264 2923 2363 2975 860

443 3012 661 3085 nauita,
703 3031 817 3073 nec
858 3024 1072 3073 terram
1115 3012 1428 3091 quisquam
1470 3011 1753 3073 mouisset
1793 3023 1985 3073 arator

443 3107 704 3169 Romani
745 3112 986 3169 bustum
1029 3111 1253 3187 populi,
1297 3112 1684 3186 fugerentque
1723 3110 1921 3169 coloni

441 3206 774 3265 umbrarum
815 3225 1078 3283 campoS,
1121 3205 1397 3284 gregibus
1439 3207 1684 3267 dumeta
1723 3213 1988 3265 carerent

442 3303 753 3380 nullusque
794 3303 1039 3363 auderet
1079 3301 1282 3380 pecori
1326 3302 1670 3379 permittere
1710 3311 1910 3378 pastor

443 3398 656 3460 uellere
696 3409 1037 3477 surgentem
1077 3400 1157 3461 de
1197 3398 1417 3462 nostris
1458 3397 1690 3459 ossibus
1728 3397 1992 3467 herbam,
2258 3404 2356 3471 865
