2600 3842
940 174 1228 225 LIB.V11
1283 163 1548 245 16—77.
2213 188 2247 249 3

329 288 497 409 signa
538 314 693 391 petit
733 333 986 391 pugnae.
1073 315 1270 377 miseri
1312 338 1450 415 pars
1490 319 1750 380 maxima
1789 292 1949 400 uolgi

328 431 455 471 non
495 406 692 471 totu'm
733 398 931 470 uisura
971 390 1152 485 diem,
1196 404 1452 475 tentoria
1492 406 1717 475 circum

331 507 458 587 ipsa
501 508 672 567 ducis
714 507 1007 584 queritur,
1035 529 1375 588 magnoque
1416 531 1669 572 accensa
1710 516 1962 576 tumultu

330 604 537 664 mortis
576 604 812 665 uicinae
852 606 1226 682 properantis
1267 608 1553 668 admouet
1594 611 1783 669 horas.
2188 634 2251 687 50

331 700 461 760 dira
501 700 662 760 subit
700 699 892 761 rabies
910 724 929 777 3
983 721 1092 761 sua
1131 704 1384 781 quisque
1423 724 1499 765 ac
1536 708 1777 782 publica
1816 709 1935 768 fata

331 796 720 875 praecipitare
763 798 962 875 cupit:
1019 800 1212 877 segnis
1252 800 1626 878 pauidusque
1666 814 1912 862 uocatur

333 915 407 959 ac
446 894 697 955 nimium
737 894 968 972 patiens
1013 896 1199 956 soceri
1245 898 1585 974 PompeiuS,
1630 908 1691 958 et
1730 898 1889 959 orbis

332 992 647 1070 indulgens
688 1011 890 1067 regno,
935 992 1038 1069 qui
1078 1004 1168 1052 tot
1209 994 1384 1053 simul
1427 994 1691 1071 undique
1732 1007 1939 1071 gentes

331 1087 471 1149 iuris
510 1090 729 1149 habere
771 1087 862 1149 sui
901 1091 1080 1149 uellet
1119 1110 1452 1166 pacemque
1494 1091 1741 1152 timeret.
2188 1114 2245 1168 55

333 1206 447 1246 nec
485 1205 612 1246 non
651 1197 713 1247 et
751 1206 918 1265 reges
961 1182 1285 1265 populique
1328 1199 1651 1263 queruntur
1691 1186 1805 1248 Eoi

333 1284 491 1342 bella
531 1282 680 1345 trahi
719 1282 1024 1360 patriaque
1065 1284 1273 1360 procul
1315 1285 1523 1343 tellure
1562 1283 1767 1344 teneri

332 1377 450 1439 hoc
492 1381 704 1455 placet,
747 1400 786 1440 o
829 1380 1043 1457 Superi,
1087 1399 1224 1439 cum
1268 1380 1442 1440 uobis
1484 1390 1713 1441 uertere
1752 1392 1969 1442 cuncta

336 1477 728 1553 propositum,
771 1476 985 1536 nostris
1027 1451 1321 1537 erroribus
1361 1478 1583 1537 addere
1624 1477 1863 1537 crimen.

335 1563 608 1631 cladibus
647 1572 919 1632 irruimus
961 1573 1345 1649 nocituraque
1385 1573 1683 1649 poscimus
1726 1593 1923 1634 arma:
2184 1584 2249 1633 60

332 1668 396 1727 in
441 1666 820 1744 Pompeianis
861 1680 1069 1728 uotum
1112 1680 1201 1728 est
1244 1667 1545 1728 Pharsalia
1584 1668 1804 1727 castris.

333 1776 681 1824 cunctorum
723 1784 905 1825 uoces
947 1764 1209 1825 Romani
1250 1765 1539 1824 maximus
1580 1776 1787 1824 auctor

333 1862 569 1922 Tullius
605 1861 841 1937 eloquii,
885 1862 1052 1921 cuius
1094 1864 1205 1922 sub
1247 1861 1371 1921 iure
1413 1873 1666 1938 togaque

335 1958 615 2035 pacificas
655 1978 867 2017 saeuus
907 1959 1144 2017 tremuit
1187 1958 1446 2019 Catilina
1486 1958 1722 2030 securiS,

332 2042 590 2133 pertulit,
634 2058 814 2115 iratus
852 2056 1038 2129 bellis,
1084 2075 1221 2114 curn
1264 2067 1452 2115 rostra
1490 2056 1803 2131 forumque
2182 2064 2245 2126 65

333 2164 568 2229 optaret
607 2172 815 2229 passus
854 2161 976 2211 tam
1019 2153 1196 2227 longa
1238 2151 1472 2211 silentia
1511 2150 1693 2211 miles.

334 2247 569 2309 addidit
608 2248 904 2308 inualidae
946 2250 1122 2307 robur
1161 2247 1441 2307 facundia
1481 2267 1710 2307 causae.

911 2412 1030 2471 vec
1066 2412 1251 2487 speech
1291 2412 1367 2487 of
1400 2412 1603 2471 Cicero.

419 2534 596 2592 ‘Hoc
636 2552 742 2609 pro
785 2542 875 2592 tot
915 2529 1136 2590 meritis
1177 2532 1370 2591 solum
1412 2542 1491 2603 te,
1535 2534 1773 2607 Magne,
1817 2539 2087 2607 precatur

331 2626 421 2687 uti
461 2646 526 2687 se
567 2630 828 2688 Fortuna
863 2625 1015 2685 uelis
1033 2646 1053 2699 3
1105 2644 1499 2701 proceresque
1542 2637 1777 2685 tuorum

332 2734 656 2784 castrorum
696 2742 981 2800 regesque
1024 2720 1108 2781 tui
1149 2741 1287 2780 curn
1330 2722 1595 2798 supplice
1638 2722 1863 2781 mundo
2182 2740 2248 2791 70

333 2820 527 2879 adfusi
567 2820 729 2879 uinci
769 2838 1037 2879 socerum
1078 2817 1302 2893 patiare
1344 2837 1635 2895 rogamus,

329 2915 577 2974 humani
616 2916 845 2992 generis
885 2926 1008 2974 tam
1049 2915 1231 2991 longo
1272 2926 1542 2991 tempore
1584 2916 1805 2974 bellum

333 3012 555 3072 Caesar
594 3013 747 3071 erit?
826 3012 1036 3071 merito
1079 3008 1432 3086 Pompeium
1473 3008 1709 3070 uincere
1750 3012 1912 3070 lente

330 3106 611 3183 gentibus
650 3106 960 3183 indignum
1003 3118 1093 3166 est
1132 3126 1170 3165 a
1211 3117 1644 3166 transcurrente
1686 3105 1960 3165 subactis,

329 3222 456 3280 quo
497 3204 606 3262 tibi
646 3206 840 3264 feruor
878 3204 1002 3264 abit
1042 3214 1145 3263 aut
1187 3222 1307 3280 quo
1349 3202 1569 3263 fiducia
1608 3202 1756 3262 fati?
2182 3220 2243 3272 75

329 3302 414 3357 de
455 3300 698 3375 superis,
742 3298 985 3375 ingrate,
1030 3298 1205 3359 times
1247 3317 1606 3374 causamque
1648 3307 1885 3356 senatus

327 3396 572 3454 credere
613 3394 706 3453 dis
747 3394 980 3455 dubitas
998 3397 1026 3453 Ρ
1077 3396 1240 3471 ipsae
1281 3409 1385 3453 tua
1426 3395 1593 3470 signa
1630 3393 1915 3451 reuellent

1931 3528 2079 3565 1-——2
