2600 3842
334 145 409 210 16
828 159 1105 210 LVCANI
1149 159 1250 209 DE
1296 159 1534 210 BELLo
1580 159 1808 209 c1V1L1

404 305 641 367 aethere
681 305 1076 377 Thessalicam,
1120 316 1320 365 teneat
1360 324 1496 365 cum
1537 304 1806 376 fulmina,
1848 306 2107 366 caedes?

405 401 629 463 scilicet
669 401 799 478 ipse
840 413 1004 479 petet
1046 404 1334 475 Pholoen,
1377 412 1541 480 petet
1583 401 1819 480 ignibus
1863 404 2059 464 Oeten

409 497 853 575 immeritaeque
893 518 1104 560 nemus
1147 500 1475 576 Rhodopes
1518 498 1813 576 pinusque
1855 498 2200 560 Mimantis:

407 595 649 659 Cassius
691 596 808 655 hoc
846 594 1046 670 potius
1086 595 1254 656 feriet
1295 596 1522 671 caput?
1599 605 1757 654 astra
1796 597 2093 672 Thyestae
2217 617 2314 668 451

406 692 620 764 intulit,
664 702 723 752 et
763 690 972 751 subitis
1010 692 1324 752 damnauit
1363 692 1643 752 noctibus
1684 695 1916 767 Argos:

406 800 496 851 tot
535 787 754 848 similes
792 788 1032 846 fratrum
1073 787 1302 865 gladios
1344 799 1695 865 patrumque
1734 787 1961 865 gerenti

404 885 747 947 Thessaliae
787 884 953 945 dabit
997 884 1096 945 ille
1134 883 1343 946 diem?
1421 886 1693 946 mortalia
1732 885 1877 944 nulli

404 994 542 1042 sunt
581 993 782 1042 curata
821 983 954 1042 de0.
1040 981 1225 1042 cladis
1267 994 1468 1042 tamen
1510 983 1682 1042 huius
1723 983 2010 1042 habemus
2218 1001 2315 1054 455

403 1079 745 1150 uindictam,
789 1089 1074 1155 quantam
1116 1079 1280 1139 terris
1322 1081 1466 1140 dare
1505 1081 1752 1139 numina
1791 1081 1879 1140 fas
1918 1089 2024 1140 est.
2265 1065 2304 1097 '²

401 1178 559 1238 bella
599 1195 771 1253 pares
811 1175 1037 1251 superis
1076 1176 1295 1237 facient
1335 1176 1532 1236 ciuilia
1571 1175 1746 1237 diuos
1763 1196 1782 1251 3

400 1273 745 1333 fulminibus
785 1292 991 1332 manes
1028 1272 1328 1349 radiisque
1369 1272 1604 1334 ornabit
1645 1284 1705 1333 et
1744 1272 1931 1347 astriS,

401 1369 580 1445 inque
620 1370 800 1429 deum
841 1368 1079 1446 templis
1118 1368 1332 1430 iurabit
1373 1372 1573 1429 Roma
1613 1388 1718 1446 per
1756 1373 2008 1429 umbras·

330 1583 448 1642 ne
499 1591 690 1659 pause
741 1581 922 1658 before
975 1582 1069 1640 the
1117 1583 1305 1640 battle.
1397 1583 1466 1640 It
1517 1582 1567 1639 is
1619 1580 1823 1639 broken
1877 1579 1946 1656 by
2009 1580 2319 1639 Crastinus

479 1680 727 1754 hurling
762 1679 858 1736 his
899 1679 1070 1738 lance.
1158 1677 1418 1736 Mis-siles
1461 1677 1586 1734 and
1622 1679 1860 1734 swords.
1942 1676 2317 1735 lukewarm-

478 1794 601 1834 ness
639 1774 713 1849 of
735 1775 830 1833 the
868 1775 1210 1850 Pompeians
1250 1776 1379 1832 and
1411 1776 1635 1834 ardour
1670 1774 1743 1849 of
1766 1775 1861 1833 the
1903 1774 2269 1833 Caesarians.

478 1940 562 1997 Vt
600 1937 809 2013 rapido
850 1957 1022 1997 cursu
1063 1938 1166 1997 fati
1210 1956 1486 2013 suprema
1525 1947 1856 1999 morantem
2214 1948 2317 2009 460

398 2054 817 2111 consumpsere
858 2036 1075 2105 locum,
1120 2052 1307 2110 parua
1346 2034 1554 2093 tellure
1596 2032 1888 2110 dirempti,

399 2152 519 2209 quo
561 2152 670 2191 sua
710 2130 832 2208 pila
871 2130 1106 2202 cadant,
1150 2140 1251 2189 aut
1292 2148 1475 2206 quam
1516 2128 1630 2190 sibi
1670 2131 1792 2188 sata
1832 2128 2129 2190 minentur
2214 2143 2313 2206 463

398 2230 539 2290 inde
567 2247 828 2298 manum,
859 2236 1166 2303 spectant3
1208 2227 1526 2303 uultusque
1554 2246 1625 2286 ac
1651 2246 1899 2286 noscere
1926 2237 2182 2305 tempuS,
2212 2239 2313 2300 462

397 2324 605 2387 facturi
645 2343 797 2401 quae
838 2334 1102 2382 monstra
1141 2324 1348 2382 forent.
1434 2322 1637 2383 uidere
1677 2335 1950 2400 parentes

396 2418 686 2480 frontibus
727 2417 992 2477 aduersis
1033 2418 1403 2494 fraternaque
1446 2419 1777 2478 comminus
1818 2438 1980 2478 arma
1996 2440 2015 2493 3
2209 2431 2313 2494 465

396 2535 508 2576 nec
547 2515 719 2576 libuit
758 2526 988 2575 mutare
1027 2515 1262 2574 locum:
1313 2525 1512 2575 tamen
1556 2513 1761 2574 omnia
1802 2528 2004 2592 torpor

396 2624 638 2690 pectora
677 2611 1042 2683 constrinxit,
1085 2611 1435 2689 gelidusque
1475 2613 1536 2669 in
1579 2611 1805 2671 uiscera
1845 2611 2082 2690 sanguis

395 2711 663 2787 perculsa
704 2710 925 2784 pietate
967 2708 1104 2781 coit,
1150 2719 1431 2785 totaeque
1472 2710 1747 2769 cohortes

395 2806 517 2883 pila
557 2816 760 2882 parata
801 2804 902 2864 diu
946 2806 1128 2864 tensis
1171 2816 1413 2865 tenuere
1455 2807 1701 2864 lacertiS.

395 2902 456 2963 di
498 2901 607 2962 tibi
645 2920 768 2961 non
810 2912 1081 2973 mortem,
1127 2921 1279 2978 quae
1321 2901 1550 2962 cunctis
1590 2920 1789 2979 poena
1827 2914 2080 2980 paratur,
2210 2924 2314 2976 470

395 3000 502 3059 sed
542 3017 780 3058 sensum
820 3010 959 3074 post
998 2999 1117 3058 fata
1159 3012 1297 3058 tuae
1339 2999 1500 3072 dent,
1546 2998 1834 3068 Crastine,
1875 3000 2065 3072 morti,

393 3094 559 3155 cuius
601 3105 756 3154 torta
793 3114 974 3155 manu
1016 3096 1314 3156 commisit
1356 3097 1565 3156 lancea
1604 3095 1824 3157 bellum

391 3191 698 3268 primaque
737 3191 1106 3251 Thessaliam
1147 3196 1428 3254 Romano
1469 3191 1754 3269 sanguine
1794 3193 1982 3253 tinxit.

393 3306 431 3346 o
472 3306 756 3363 praeceps
797 3287 1007 3361 rabieS,
1051 3308 1188 3348 cum
1231 3290 1451 3349 Caesar
1491 3290 1610 3349 tela
1650 3299 1896 3361 teneret,

393 3382 639 3443 inuenta
679 3395 769 3443 est
808 3383 967 3461 prior
1005 3385 1124 3443 ulla
1164 3388 1420 3444 manus?
1486 3395 1629 3443 tunc
1670 3387 1950 3446 stridulus
1990 3405 2089 3446 aer
2208 3408 2310 3462 475
