2600 3842
323 187 406 249 26
825 196 1103 247 LVCANI
1146 196 1245 245 DE
1289 195 1529 246 BELLo
1574 195 1804 247 C1v1L1

399 347 613 424 inpulit
651 356 919 406 amentes
962 345 1205 422 aurique
1247 345 1533 423 cupidine
1576 365 1787 406 caecos
1840 371 1847 375 ·

399 444 482 504 ire
522 462 699 520 super
737 441 969 519 gladios
1011 460 1311 518 supraque
1351 444 1645 502 cadauera
1684 455 1921 518 patrum

399 553 459 603 et
499 553 704 601 caesos
747 542 974 600 calcare
1017 541 1215 600 duces.
1305 559 1461 616 quae
1508 541 1681 612 fossa,
1727 539 1858 616 quis
1899 559 2075 619 agger

400 634 686 694 sustineat
726 631 985 710 pretium
1026 632 1168 693 belli
1211 635 1622 710 scelerumque
1663 632 1919 711 petentis
1936 637 1964 694 Ρ
2222 655 2321 708 750

399 730 544 791 scire
586 739 779 800 ruunt,
825 740 1049 805 quanta
1087 728 1300 789 fuerint
1343 732 1618 791 mercede
1659 740 1985 791 nocentes:
2017 741 2022 745 ’

398 826 677 886 inuenere
719 826 962 903 quidem
1005 825 1260 902 spoliato
1301 827 1557 902 plurima
1596 829 1828 888 mundo

397 925 687 983 bellorum
730 923 793 982 in
834 935 1103 1000 sumptus
1144 935 1468 1000 congestae
1508 926 1777 1002 pondera
1817 944 2085 985 massae:

399 1021 507 1081 sed
550 1040 674 1080 non
714 1020 987 1096 impleuit
1028 1020 1323 1097 cupientis
1364 1021 1858 1082 omnia-mentes·

398 1117 689 1193 quidquid
733 1115 885 1177 fodit
930 1115 1139 1188 Hiber,
1183 1117 1476 1194 quidquid
1519 1121 1720 1195 Tagus
1763 1118 1965 1197 expuit
2004 1118 2146 1193 auri,
2218 1141 2245 1192 7
2252 1142 2279 1194 5
2285 1141 2313 1195 5

398 1216 562 1291 quod
605 1213 748 1290 legit
786 1213 956 1273 diues
998 1213 1246 1274 summis
1288 1214 1636 1292 Arimaspus
1678 1217 1911 1276 harenis

397 1322 462 1371 ut
502 1311 750 1389 rapiant,
794 1329 977 1387 paruo
1017 1313 1210 1371 scelus
1250 1313 1370 1371 hoc
1409 1312 1643 1375 uenisse
1684 1316 2013 1390 putabunt:

395 1427 534 1467 cum
576 1406 688 1467 sibi
729 1408 1013 1485 Tarpeias
1053 1407 1244 1468 uictor
1283 1410 1670 1487 desponderit
1711 1430 1889 1482 arceS,

394 1499 531 1563 curn
574 1523 679 1581 spe
722 1506 1035 1565 Romanae
1078 1506 1412 1582 promiserit
1453 1506 1658 1568 omnia
1697 1508 1969 1585 praedae,

394 1601 681 1679 decipitur
720 1603 884 1678 quod
924 1613 1115 1662 castra
1153 1601 1323 1680 rapit.

429 1762 509 1819 To
557 1761 774 1819 Caesar
808 1736 937 1820 dnd
970 1763 1063 1820 his
1103 1770 1294 1838 troops
1333 1764 1511 1839 asleep
1552 1765 1616 1822 in
1656 1765 1749 1823 the
1787 1772 1949 1839 camp
1990 1772 2209 1840 appear

874 1859 971 1918 tlte
991 1859 1311 1933 phantom:-
1348 1859 1421 1936 ῳ(
1446 1861 1540 1918 tlte
1577 1860 1744 1918 slain.

1358 1990 1516 2067 capit
1555 1989 1719 2066 inpia
1759 1991 1966 2066 plebes
2220 2002 2318 2063 760

392 2085 651 2164 caespite
689 2084 939 2163 patricio
981 2105 1241 2158 somnos,
1287 2105 1648 2163 caesumque
1688 2087 1883 2148 cubile

392 2182 625 2259 regibus
666 2181 946 2241 infandus
987 2181 1157 2242 miles
1197 2182 1431 2259 premit,
1475 2182 1657 2259 inque
1697 2193 2010 2260 parentum

391 2277 573 2356 inque
613 2278 756 2339 toris
796 2280 1038 2337 fratrum
1079 2291 1405 2356 posuerunt
1446 2280 1715 2340 membra
1754 2292 2075 2343 nocentes:

391 2395 543 2453 quos
585 2375 768 2452 agitat
808 2395 1068 2436 uaesana
1109 2378 1274 2453 quies
1318 2376 1631 2453 somnique
1671 2379 1932 2438 furentes

391 2473 797 2534 Thessalicam
839 2473 1065 2534 miseris
1105 2485 1346 2535 uersant
1385 2475 1447 2534 in
1488 2485 1734 2551 pectore
1770 2494 2046 2552 pugnam.
2218 2488 2313 2553 765

392 2568 659 2647 inuigilat
698 2570 927 2631 cunctis
970 2590 1217 2632 saeuum
1260 2574 1469 2644 sceluS,
1515 2582 1796 2649 armaque
1838 2583 1965 2633 tota

392 2679 593 2728 mente
632 2668 871 2746 agitant,
917 2671 1253 2746 capuloque
1294 2689 1507 2728 manus
1549 2673 1797 2729 absente
1841 2683 2172 2731 mouentur.

392 2763 751 2842 ingemuisse
792 2776 998 2843 putem
1040 2785 1286 2842 campos
1328 2777 1661 2844 terramque
1703 2774 2028 2829 nocentem

392 2860 710 2937 inspirasse
750 2862 997 2933 animaS,
1039 2862 1442 2940 infectumque
1481 2883 1618 2924 aera
1659 2875 1849 2925 totum

392 2958 665 3018 manibus
707 2970 768 3019 et
809 2978 1084 3036 superam
1125 2960 1325 3036 Stygia
1366 2961 1685 3022 formidine
1726 2974 1983 3023 noctem.
2218 2986 2316 3038 770

393 3053 568 3131 exigit
608 3074 646 3114 a
685 3055 912 3117 miseris
953 3054 1145 3116 tristes
1187 3057 1439 3117 uictoria
1477 3077 1718 3136 poenaS,

391 3151 682 3229 sibilaque
722 3165 783 3214 et
824 3154 1095 3214 flammas
1132 3153 1309 3214 infert
1351 3174 1544 3230 sopor.
1631 3159 1844 3216 umbra
1885 3161 2179 3236 perempti

392 3245 539 3305 ciuis
580 3248 785 3309 adest:
840 3268 948 3308 sua
990 3267 1287 3325 quemque
1330 3249 1541 3326 premit
1583 3252 1817 3312 terroris
1858 3254 2093 3329 imago:

393 3342 491 3401 ille
531 3360 742 3415 senum
784 3346 1002 3416 uoltus,
1046 3343 1331 3404 iuuenum
1372 3345 1538 3405 uidet
1578 3345 1678 3406 ille
1719 3349 1927 3425 figuras
1945 3371 1966 3425 3

394 3437 554 3496 hunc
594 3437 818 3514 agitant
858 3439 998 3499 totis
1039 3441 1294 3499 fraterna
1334 3441 1624 3503 cadauera
1665 3444 1925 3521 somnis;
2213 3468 2276 3520 ,77
2280 3468 2308 3522 5
