2600 3842
958 213 1097 264 Lm.
1142 211 1250 263 v11
1298 199 1593 280 569-62
1601 213 1656 280 5.
2227 218 2265 266 2
2281 221 2303 266 1

926 403 1045 462 77ae
1081 401 1250 462 death
1290 402 1367 479 qs
1388 403 1704 463 Domitius.

464 532 589 592 Hic
630 531 859 610 patriae
898 531 1052 610 perit
1094 551 1275 592 omne
1317 534 1536 594 decusz
1591 532 1746 595 iacet
1786 553 1997 612 aggere
2036 554 2253 613 magno

377 627 695 707 patricium
738 628 966 706 campis
1009 648 1134 689 non
1174 628 1361 690 mixta
1399 631 1577 708 plebe
1618 632 1888 691 cadauer.

377 746 540 788 mors
585 738 785 787 tamen
831 726 1082 788 eminuit
1124 726 1419 787 clarorum
1459 728 1523 786 in
1565 738 1756 805 strage
1797 727 2057 789 uirorum

376 822 666 900 pugnacis
709 822 943 883 Domiti
960 845 980 899 ;
1036 842 1215 900 quem
1258 824 1461 907 clades
1502 826 1624 883 fata
1664 844 1771 902 per
1810 825 2005 885 omnis
2207 835 2305 886 600

376 920 719 995 ducebant3
773 940 1072 998 nusquam
1118 918 1330 997 Magni
1372 923 1634 980 Fortuna
1674 918 1802 982 sine
1840 921 1944 982 illo

374 1017 713 1078 succubuit.
797 1016 994 1078 uictus
1036 1015 1255 1078 totiens
1297 1037 1336 1077 a
1376 1019 1631 1079 Caesare
1673 1021 1839 1079 salua

374 1112 651 1175 libertate
694 1115 887 1192 perit:
943 1125 1072 1176 tum
1113 1116 1279 1175 mille
1320 1114 1383 1173 in
1424 1115 1670 1175 uolnera
1710 1117 1900 1176 laetus

373 1210 595 1271 labitur
635 1232 707 1271 ac
747 1210 928 1272 uenia
966 1213 1189 1290 gaudet
1229 1211 1489 1272 caruisse
1530 1214 1809 1274 secunda.

372 1306 607 1367 uiderat
646 1307 709 1368 in
753 1329 953 1370 crasso
993 1321 1332 1371 uersantem
1375 1309 1662 1387 sanguine
1703 1313 1970 1373 membra
2206 1323 2301 1387 605

374 1406 615 1479 Caesar,
661 1417 721 1466 et
763 1405 1123 1483 increpitans
1167 1414 1183 1442 ‘
1203 1410 1337 1467 Iam
1381 1407 1592 1486 Magni
1632 1410 1855 1470 deseris
1896 1429 2077 1483 arma,

372 1521 684 1564 successor
726 1503 960 1564 Domiti
977 1525 997 1580 3
1052 1504 1180 1566 sine
1220 1516 1281 1566 te
1323 1503 1441 1566 iam
1481 1505 1639 1566 bella
1677 1511 1994 1583 geruntur.'

370 1599 639 1675 dixerat3
694 1612 787 1661 ast
828 1599 914 1661 illi
953 1602 1188 1663 suffecit
1225 1614 1471 1680 pectora
1508 1604 1751 1680 pulsans

370 1698 609 1775 spiritus
652 1696 716 1757 in
757 1718 977 1759 uocem
1018 1697 1451 1777 morientiaque
1492 1720 1597 1760 ora
1634 1701 1891 1764 resoluit.

368 1800 386 1828 ‘
408 1797 552 1855 Non
595 1806 657 1855 te
696 1797 930 1856 funesta
971 1798 1261 1857 scelerum
1304 1797 1579 1857 mercede
1619 1798 1891 1874 potitum,
2197 1813 2295 1863 610

366 1894 476 1953 sed
519 1893 770 1953 dubium
810 1892 935 1967 fati,
980 1895 1218 1968 Caesar,
1261 1913 1601 1971 generoque
1642 1894 1933 1958 minorem

364 1987 684 2067 aspidem,
729 1992 961 2069 Stygias
1004 1992 1232 2067 Magno
1273 1992 1427 2051 duce
1467 1991 1619 2056 liber
1656 1993 1734 2055 ad
1774 1996 2011 2055 umbras

366 2097 427 2146 et
468 2105 712 2147 securus
754 2106 867 2163 eo;
923 2099 983 2148 te
1024 2108 1207 2150 saeuo
1251 2091 1447 2148 Marte
1487 2090 1815 2163 subactum,

366 2186 785 2262 Pompeioque
825 2205 1034 2262 graues
1075 2205 1301 2263 poenas
1342 2184 1636 2262 nobisque
1678 2187 1970 2264 daturum,

363 2301 502 2341 cum
545 2281 784 2357 morior,
828 2301 1066 2360 sperare
1107 2282 1285 2344 licet!
1365 2302 1490 2343 non
1530 2286 1700 2361 plura
1738 2287 2003 2347 locutum
2191 2299 2286 2364 615

361 2377 489 2440 uita
530 2379 696 2458 fugit,
740 2382 1083 2460 densaeque
1125 2382 1334 2441 oculos
1374 2400 1626 2443 mersere
1667 2385 1965 2445 tenebrae.

969 2548 1031 2606 A
1071 2566 1220 2607 scene
1257 2547 1335 2624 qs
1356 2565 1614 2623 carnage.

445 2680 807 2758 Inpendisse
848 2683 1037 2759 pudet
1077 2682 1347 2743 lacrimas
1388 2682 1451 2744 in
1492 2684 1696 2746 funere
1734 2689 1943 2749 mundi

357 2780 651 2841 mortibus
691 2778 1032 2854 innumeri8‚
1076 2800 1150 2839 ac
1191 2779 1422 2858 singula
1461 2781 1583 2841 fata
1624 2796 1973 2861 sequentem

359 2895 658 2952 quaerere,
706 2878 1001 2937 letiferum
1043 2896 1151 2953 per
1191 2877 1360 2939 cuius
1402 2879 1629 2941 uiscera
1669 2884 1883 2944 uolnus

356 2973 562 3033 exierit
580 2995 599 3048 3
653 2976 787 3051 quis
827 2976 960 3035 fusa
1001 2976 1132 3034 solo
1174 2974 1382 3036 uitalia
1420 2977 1610 3038 calcet
1626 3001 1645 3053 3
2186 2996 2286 3047 620

356 3089 459 3130 ore
501 3071 635 3147 quis
678 3073 935 3132 aduerso
978 3070 1305 3133 demissum
1347 3075 1615 3136 faucibus
1656 3097 1861 3140 ensem

355 3166 647 3244 expulerit
688 3167 947 3229 moriens
989 3169 1191 3229 anima
1206 3191 1226 3244 ;
1282 3170 1415 3247 quis
1458 3186 1692 3235 corruat
1731 3174 1871 3249 ictu,

354 3262 485 3340 quis
528 3264 756 3324 steterit
797 3266 943 3325 dum
985 3267 1252 3327 membra
1293 3271 1517 3330 cadunt
1532 3290 1554 3344 3
1609 3272 1712 3349 qui
1752 3285 1996 3351 pectore
2037 3279 2156 3339 tela
