2600 3842
970 207 1106 258 ΜΒ.
1150 208 1258 257 vn
1306 211 1343 257 2
1353 209 1663 276 59—324
2243 208 2267 255 1
2287 210 2311 255 1

401 357 642 420 uicistis.
729 355 939 416 uideor
978 354 1192 415 fluuios
1234 368 1501 432 spectare
1542 354 1761 415 cruoris

403 460 779 531 calcatosque
820 454 997 513 simul
1036 472 1202 530 reges
1243 472 1629 530 sparsumque
1671 463 1909 512 senatus

403 573 612 630 corpus
654 564 715 613 et
754 551 1048 611 immensa
1087 553 1345 627 populos
1385 549 1448 611 in
1488 553 1673 611 caede
1714 549 1989 610 natantiS.

404 653 512 713 sed
550 670 687 713 mea
724 653 847 710 fata
886 668 1103 723 moror,
1146 648 1249 726 qui
1288 668 1399 710 uos
1439 649 1502 708 in
1542 650 1661 708 tela
1699 649 1944 709 furentis
2222 667 2316 721 295

402 749 651 810 uocibus
690 747 783 807 his
824 759 1022 832 teneo.
1106 744 1346 806 ueniam
1385 748 1526 807 date
1564 748 1722 808 bella
1760 744 2050 806 trahenti:

403 867 512 925 spe
551 846 820 923 trepido:
862 846 1024 904 haud
1065 864 1355 921 umquam
1394 844 1519 906 uidi
1557 856 1682 904 tam
1722 865 1938 923 magna
1977 846 2217 905 daturos

403 958 527 1006 tam
568 963 754 1023 prope
795 961 893 1004 me
935 962 1181 1020 superos
1199 962 1218 1014 3
1271 961 1616 1017 camporum
1656 943 1844 1003 limite
1886 962 2070 1020 paruo

403 1044 685 1101 absumus
726 1059 762 1100 a
801 1041 994 1100 uotis:
1050 1058 1161 1116 ego
1202 1058 1334 1098 sum
1376 1037 1471 1098 cui
1517 1041 1711 1099 Marte
1753 1050 2013 1116 peract0,

404 1156 558 1214 quae
598 1135 805 1213 populi
846 1154 1132 1213 regesque
1174 1145 1395 1209 tenent,
1441 1137 1665 1194 donare
1704 1133 1925 1196 licebit.
2224 1157 2321 1209 300

404 1252 607 1309 quone
646 1233 769 1309 poli
811 1242 1000 1307 motu,
1047 1251 1170 1308 quo
1209 1230 1360 1291 caeli
1400 1230 1594 1292 sidere
1633 1250 1823 1303 uers0,

403 1328 784 1390 Thessalicae
825 1339 1072 1400 tantum,
1117 1329 1330 1404 superi,
1372 1327 1707 1403 permittitis
1748 1330 1933 1387 orae?

404 1437 506 1485 aut
546 1445 773 1486 merces
812 1425 994 1486 hodie
1032 1426 1325 1486 bellorum
1365 1437 1469 1485 aut
1510 1445 1705 1502 poena
1745 1439 1997 1504 paratur.

408 1520 727 1582 Caesareas
769 1533 1036 1598 spectate
1076 1540 1297 1595 cruceS,
1343 1534 1620 1599 spectate,
1652 1534 1908 1595 catenaS,

406 1626 468 1678 et
505 1627 686 1694 caput
723 1617 842 1678 hoc
882 1617 1145 1694 positum
1185 1617 1387 1678 rostris
1428 1620 1733 1695 effusaque
1773 1621 2056 1690 membra,
2206 1636 2215 1642 ·
2224 1640 2320 1693 305

406 1718 876 1793 Saeptorumque
918 1718 1082 1776 nefas
1124 1726 1185 1777 et
1225 1715 1412 1776 clausi
1452 1717 1676 1792 proelia
1716 1716 1948 1794 Campi.

406 1831 545 1872 cum
588 1813 742 1872 duce
782 1813 1026 1872 Sullano
1067 1812 1321 1890 gerimus
1362 1812 1558 1872 ciuilia
1596 1814 1770 1873 bella.

405 1907 585 1967 uestri
625 1927 766 1967 cura
806 1920 1051 1969 mouet:
1108 1929 1246 1969 nam
1289 1928 1389 1969 me
1430 1929 1634 1970 secura
1675 1908 1942 1970 manebit

407 2025 532 2066 sors
573 2006 842 2083 quaesita
882 2025 1102 2079 manu3
1158 2006 1486 2068 fodientem
1528 2006 1755 2067 uiscera
1797 2019 2000 2068 cernet

407 2123 503 2163 me
542 2123 680 2164 mea
721 2104 825 2181 qui
864 2106 1134 2165 nondum
1175 2103 1338 2164 uicto
1378 2106 1698 2181 respexerit
1738 2107 1927 2165 hoste.
2225 2128 2322 2180 310

407 2199 487 2270 di,
529 2219 783 2277 quorum
824 2219 995 2260 curas
1035 2199 1282 2262 abduxit
1324 2201 1401 2261 ab
1441 2204 1680 2262 aethere
1720 2204 1896 2262 tellus

407 2301 837 2375 Romanusque
877 2299 1061 2370 labor,
1105 2298 1306 2358 uincat
1348 2300 1707 2376 quicumque
1748 2318 1994 2360 necesse

407 2413 531 2454 non
571 2404 741 2471 putat
780 2395 842 2453 in
884 2393 1076 2455 uictos
1117 2414 1360 2455 saeuum
1405 2395 1766 2472 destringere
1807 2396 2038 2467 sermm,

408 2489 631 2568 quique
672 2509 812 2550 suos
854 2489 1035 2563 ciueS,
1078 2492 1245 2568 quod
1285 2491 1454 2568 signa
1493 2492 1743 2551 aduersa
1784 2493 2057 2562 tulerunt,

408 2605 532 2646 non
573 2586 761 2647 credit
801 2586 1010 2647 fecisse
1052 2588 1236 2648 nefas.
1323 2587 1645 2664 Pompeius
1685 2587 1748 2647 in
1788 2599 1918 2647 arto
2229 2611 2286 2662 3¹
2296 2609 2322 2662 5

407 2683 644 2760 agmina
683 2694 878 2743 uestra
918 2685 1053 2744 loco
1095 2683 1281 2745 uetita
1320 2684 1539 2744 uirtute
1583 2686 1809 2745 moueri

408 2800 543 2840 cum
585 2779 791 2852 tenuit,
837 2791 1064 2856 quanto
1107 2778 1340 2841 satiauit
1383 2781 1667 2858 sanguine
1705 2784 1958 2843 ferrum!

409 2895 521 2935 uos
560 2886 758 2936 tamen
802 2878 919 2935 hoc
961 2896 1084 2949 oro,
1127 2878 1390 2950 iuuenes,
1437 2898 1514 2938 ne
1554 2880 1803 2940 caedere
1844 2879 2155 2956 quisquam

407 2971 594 3031 hostis
633 2982 797 3049 terga
835 2974 979 3033 uelit
993 2997 1012 3049 3
1067 2972 1232 3046 ciuis,
1278 2974 1382 3050 qui
1422 2975 1650 3052 fugerit,
1695 2988 1842 3037 esto.

408 3067 516 3126 sed
555 3067 700 3126 dum
741 3071 861 3129 tela
901 3070 1140 3143 micant,
1184 3089 1308 3130 non
1352 3089 1462 3131 uos
1503 3070 1738 3148 pietatis
1781 3073 1977 3150 imago
2228 3092 2327 3145 320

408 3165 528 3223 ulla
568 3182 682 3224 nec
720 3167 971 3225 aduersa
1010 3165 1318 3242 conspecti
1357 3167 1550 3227 fronte
1591 3179 1866 3244 parentes

410 3275 875 3323 commoneant:
931 3265 1132 3324 uoltus
1171 3264 1374 3340 gladio
1416 3265 1647 3324 turbate
1690 3265 2000 3334 uerendos,

410 3359 536 3421 siue
579 3360 712 3440 quis
751 3362 968 3422 infesto
1010 3374 1268 3438 cognata
1308 3361 1371 3421 in
1411 3376 1655 3439 pectora
1696 3364 1848 3422 ferro

409 3459 536 3534 ibit,
580 3480 684 3523 seu
727 3462 952 3520 nullum
993 3458 1239 3520 uiolabit
1280 3461 1522 3520 uolnere
1565 3460 1812 3537 pignus:
