2600 3842
335 174 418 223 20
834 171 1109 222 LVCANI
1155 170 1256 220 DE
1300 170 1540 222 BELLO
1584 170 1814 221 CIVILI

408 317 682 377 Bistonas
724 328 828 377 aut
870 319 1115 377 Mauors
1157 316 1389 394 agitans
1431 317 1480 376 si
1521 319 1767 378 uerbere
1808 336 1991 377 saeuo

408 414 674 476 Palladia
715 413 978 475 stimulet
1019 416 1288 475 turbatos
1331 413 1542 492 aegide
1583 434 1804 489 curruS,
2242 434 2340 489 570

404 530 528 571 nox
566 510 775 587 ingens
817 512 1107 570 scelerum
1148 520 1273 585 est3
1329 512 1545 571 caedes
1588 510 1878 584 oriuntur,
1920 522 1981 572 et
2023 510 2211 571 instar

404 607 732 668 immensae
772 607 940 668 uocis
979 605 1254 684 gemituS,
1296 618 1358 667 et
1399 608 1668 685 pondere
1710 606 1864 685 lapsi

404 703 660 782 pectoris
701 725 862 764 arma
902 715 1117 765 sonant
1154 704 1561 782 confractique
1604 704 1847 767 ensibus
1890 725 2078 767 enses·

404 798 536 876 ipse
576 819 755 859 manu
796 798 1011 858 subicit
1050 796 1278 875 gladios
1321 818 1394 858 ac
1433 800 1554 860 tela
1595 798 1905 872 ministrat,

404 897 805 971 aduersosque
844 893 1011 955 iubet
1049 895 1203 955 ferro
1244 896 1609 956 confundere
1650 897 1865 956 uoltus,
2238 915 2336 970 575

403 1000 716 1068 promouet
755 989 884 1066 ipse
924 989 1121 1063 acies3
1176 989 1410 1068 inpellit
1451 1002 1616 1070 terga
1656 1009 1936 1051 suorum:

405 1089 649 1148 uerbere
691 1106 1015 1147 conuersae
1057 1086 1346 1148 cessantis
1386 1089 1602 1148 excitat
1642 1086 1867 1147 hastae.

404 1186 467 1246 in
508 1187 747 1264 plebem
788 1195 952 1244 uetat
992 1184 1077 1245 ire
1117 1205 1332 1245 manus
1374 1194 1785 1262 monstratque
1826 1196 2117 1246 senatum.

406 1281 534 1355 scit,
577 1300 750 1340 cruor
788 1277 1020 1356 imperii
1061 1279 1164 1356 qui
1205 1280 1296 1355 sit,
1341 1301 1497 1357 quae
1535 1280 1766 1341 uiscera
1805 1300 2017 1356 rerum,

403 1380 566 1440 unde
606 1389 771 1458 petat
812 1380 1090 1450 Romam,
1135 1378 1376 1439 libertas
1418 1378 1628 1439 ultima
1668 1378 1881 1439 mundi
2238 1389 2339 1453 580

406 1495 527 1553 quo
569 1474 794 1536 steterit
835 1474 1100 1536 ferienda
1140 1477 1291 1537 loco,
1378 1475 1672 1554 permixta
1713 1475 1980 1536 secundo

404 1573 613 1635 ordine
654 1572 935 1632 nobilitas
978 1576 1440 1650 uenerandaque
1481 1593 1732 1651 corpora
1770 1575 1925 1633 ferro

405 1680 744 1748 urguentur.
831 1672 1090 1731 caedunt
1132 1671 1396 1747 Lepidos
1438 1672 1816 1747 caeduntque
1858 1671 2142 1731 Metellos

404 1767 818 1844 Coruinosque
860 1768 1036 1828 simul
1077 1771 1504 1844 Torquataque
1546 1766 1809 1841 nomina,
1851 1786 2057 1844 regum

403 1885 581 1943 saepe
622 1867 804 1927 duces
847 1885 1230 1944 summosque
1270 1865 1581 1925 hominum
1622 1877 1701 1938 te,
1748 1867 1989 1944 Magne,
2036 1879 2289 1929 remoto.

844 2102 1078 2159 Brutus
1116 2102 1264 2161 seeks
1304 2109 1361 2161 to
1402 2101 1520 2160 kill
1560 2101 1795 2162 Caesar.

484 2263 616 2325 Illic
654 2262 891 2340 plebeia
931 2275 1243 2326 contectus
1284 2264 1518 2326 casside
1558 2267 1758 2326 uoltus
2233 2279 2334 2343 586

401 2361 755 2439 ignotusque
795 2359 954 2420 hosti
995 2361 1139 2436 quid
1180 2363 1412 2435 ferrum,
1460 2363 1656 2431 Brute,
1700 2363 1993 2424 tenebas?

403 2478 442 2517 o
482 2459 664 2517 decus
704 2455 956 2533 imperii,
998 2475 1135 2534 spes
1176 2477 1215 2518 o
1256 2477 1536 2534 suprema
1577 2470 1835 2533 senatuS,

403 2566 730 2616 extremum
774 2554 924 2615 tanti
963 2554 1193 2632 generis
1234 2575 1344 2634 per
1383 2556 1618 2615 saecula
1659 2575 1898 2631 nomen,

403 2672 480 2713 ne
520 2672 624 2711 rue
666 2671 775 2729 per
813 2652 1047 2712 medios
1090 2652 1340 2711 nimium
1382 2652 1725 2713 temerarius
1766 2654 1987 2727 hosteS,
2231 2677 2335 2731 590

400 2770 513 2810 nec
555 2749 664 2809 tibi
705 2749 910 2809 fatales
952 2749 1289 2810 admoueris
1332 2759 1472 2810 ante
1516 2749 1844 2827 Philippos,

401 2846 714 2907 Thessalia
752 2845 1010 2922 periture
1050 2857 1171 2907 tua.
1255 2846 1342 2906 nil
1382 2845 1619 2923 proficis
1659 2846 1792 2906 istic

400 2942 671 3006 Caesaris
712 2941 971 3002 intentus
1011 2941 1252 3020 iugulo:
1309 2943 1580 3004 nondum
1622 2941 1813 3019 attigit
1853 2963 2053 3005 arcem

400 3040 539 3102 iuris
581 3050 642 3102 et
681 3041 1007 3099 humanum
1048 3042 1347 3113 columen,
1390 3059 1514 3116 quo
1553 3050 1772 3100 cuncta
1811 3052 2176 3116 premuntur,

399 3157 665 3217 egressus
707 3138 920 3197 meruit
960 3136 1090 3198 fatis
1133 3149 1258 3198 tam
1301 3135 1506 3197 nobile
1547 3137 1748 3197 letum.
2228 3160 2329 3215 595

401 3235 565 3296 uiuat
606 3243 682 3306 et,
725 3242 792 3292 ut
833 3231 1002 3292 Bruti
1042 3233 1398 3309 procumbat
1436 3229 1696 3304 uictima,
1738 3242 1958 3309 regnet.
