2600 3842
1767 146 1780 183 Ι

982 137 1118 225 ΠΕ.
1164 176 1271 224 V11
1320 163 1679 243 325—384.
1787 180 1956 249 „Dm

411 321 798 400 praecipitare
838 340 1034 380 meam
1073 320 1209 380 fatis
1249 333 1497 397 potuere
1538 202 2000 391 κτήσαιᾷἈ

413 439 534 478 non
578 420 855 477 iratorum
897 416 1131 493 populis
1171 418 1420 491 urbique
1462 417 1710 475 deorum
1752 425 1842 474 est

414 512 764 590 Pompeium
807 532 1038 573 seruare
1078 514 1312 573 ducem.
1383 531 1535 589 quae
1576 508 1811 569 uincere
1853 522 2114 585 possent,
2231 533 2324 587 355

413 610 614 672 omnia
653 610 1028 672 contulimus
1117 609 1348 669 subiere
1389 607 1651 684 pericula
1689 606 1831 666 clari

414 718 627 785 sponte
667 707 793 780 uiri,
837 725 1118 783 sacraque
1160 707 1435 782 antiquus
1475 704 1731 781 imagine
1771 703 1957 764 miles·

416 807 466 866 si
508 806 720 868 Curios
758 804 850 865 his
890 807 1014 864 fata
1053 806 1263 865 darent
1304 804 1671 877 reducesque
1713 802 1996 861 Camillos

412 903 775 979 temporibus
819 901 1159 978 Deciosque
1200 911 1382 976 caput
1418 901 1596 959 fatale
1635 898 1928 970 uouentiS,

414 999 554 1059 hinc
597 1009 830 1059 starent.
915 998 1111 1075 primo
1151 1010 1359 1074 gentes
1402 997 1649 1057 Oriente
1689 1004 1949 1069 coactae,
2228 1009 2328 1073 360

412 1098 876 1174 innumeraeque
915 1098 1108 1167 urbeS,
1154 1105 1404 1171 quantas
1445 1093 1508 1152 in
1549 1092 1774 1169 proelia
1812 1112 2151 1170 numquam,

412 1194 681 1256 exciuere
722 1215 944 1254 manuS.
1031 1198 1163 1253 'toto
1204 1191 1377 1251 simul
1419 1190 1636 1249 utimur
1675 1192 1834 1250 orbe.

412 1291 702 1369 quidquid
744 1292 999 1368 signiferi
1041 1308 1459 1367 comprensum
1500 1287 1685 1348 limite
1727 1289 1873 1348 caeli

411 1392 522 1451 sub
567 1392 773 1450 Noton
811 1400 870 1450 et
909 1392 1135 1449 Borean
1177 1386 1487 1447 hominum
1529 1406 1747 1459 sumus,
1792 1400 1955 1446 arma
1991 1402 2319 1450 monemus·

413 1508 615 1549 nonne
656 1487 976 1562 superfusis
1017 1488 1332 1546 collectum
1375 1484 1652 1544 cornibus
1693 1485 1928 1545 hostem
2226 1496 2321 1560 365

411 1586 472 1645 in
514 1585 775 1645 medium
820 1583 1138 1643 dabimus?
1218 1601 1441 1659 paucas
1483 1581 1731 1641 uictoria
1771 1581 2003 1642 dextras

410 1682 604 1759 exigit,
649 1693 710 1741 at
749 1683 948 1757 plures
992 1692 1223 1740 tantum
1266 1681 1524 1739 clamore
1565 1689 1837 1738 cateruae

410 1781 566 1840 bella
605 1789 824 1855 gerent.
911 1780 1134 1840 Caesar
1174 1777 1389 1837 nostris
1429 1795 1552 1835 non
1594 1776 1807 1835 sufficit
1846 1774 2038 1836 armis.

390 1875 632 1935 credite
673 1876 1004 1951 pendentes
1047 1894 1081 1935 e
1123 1873 1366 1935 summis
1408 1871 1723 1932 moenibus
1764 1870 1924 1932 urbis

409 1970 668 2030 crinibus
712 1971 911 2032 effusis
952 1973 1169 2033 hortari
1212 1972 1273 2031 in
1317 1970 1544 2047 proelia
1584 1980 1814 2030 matres·
2226 1990 2323 2045 370

411 2067 633 2128 credite
673 2069 1075 2145 grandaeuum
1117 2068 1485 2144 uetitumque
1527 2077 1720 2127 aetate
1764 2077 2034 2126 senatum

408 2182 571 2223 arma
612 2163 780 2241 sequi
821 2185 1017 2225 sacros
1056 2165 1311 2242 pedibus
1352 2174 1719 2241 prosternere
1759 2181 1960 2235 canOS,

408 2271 585 2337 atque
626 2261 818 2338 ipsam
860 2261 1090 2322 domini
1130 2272 1495 2322 metuentem
1538 2278 1839 2320 occurrere
1881 2262 2156 2320 Romam.

405 2357 629 2418 credite
671 2358 771 2435 qui
815 2378 973 2419 nunc
1015 2370 1105 2418 est
1146 2360 1405 2436 populus
1445 2360 1851 2435 populumque
1891 2359 2149 2418 futurum

405 2456 724 2530 permixtas
765 2454 990 2517 adferre
1032 2475 1255 2533 preces,
1342 2457 1489 2514 haec
1531 2454 1713 2515 libera
1752 2453 1933 2528 nasci,
2224 2476 2315 2530 375

404 2551 553 2610 haec
593 2554 720 2612 uolt
761 2556 934 2614 turba
974 2553 1138 2613 mori.
1228 2551 1276 2612 si
1318 2552 1449 2628 quis
1492 2564 1629 2629 post
1671 2554 1913 2629 pignera
1953 2562 2120 2613 tanta

407 2649 699 2728 Pompeio
740 2653 908 2711 locus
949 2663 1053 2725 est,
1101 2668 1238 2710 cum
1280 2637 1447 2726 ‘prole
1490 2660 1550 2708 et
1590 2650 1840 2728 coniuge
1882 2651 2146 2727 supplex,

404 2744 635 2822 imperii
676 2749 841 2808 salua
882 2747 931 2807 si
973 2714 1280 2839 maiefflte
1323 2748 1539 2817 liceret,

403 2843 673 2904 uoluerer
712 2856 851 2905 ante
893 2846 1095 2921 pedeS.
1182 2847 1460 2921 MagnUS,
1507 2842 1618 2902 nisi
1659 2842 1911 2918 uincitis,
1956 2845 2137 2918 exsul,

403 2937 723 2997 ludibrium
765 2941 970 3013 soceri,
1014 2950 1210 3000 uester
1249 2941 1462 3015 pudor,
1509 2940 1713 2998 ultima
1752 2942 1874 3000 fata
2220 2951 2317 3016 380

402 3033 690 3109 deprecor
725 3028 800 3094 ac
844 3045 1046 3112 turpes
1086 3035 1331 3096 extremi
1371 3034 1627 3095 cardinis
1669 3053 1874 3110 annOS,

399 3146 475 3187 ne
516 3129 744 3189 discam
787 3131 1004 3193 seruire
1045 3132 1262 3192 senex.'
1344 3142 1465 3191 tam
1507 3141 1735 3191 maesta
1772 3130 1956 3192 locuti

400 3241 550 3282 uoce
591 3225 758 3284 ducis
802 3227 1048 3303 flagrant
1088 3226 1268 3286 animi
1312 3230 1708 3303 Romanaque
1750 3226 1931 3287 uirtus

399 3319 634 3397 erigitur
650 3345 667 3396 3
727 3323 1066 3400 placuitque
1106 3324 1271 3395 mori,
1318 3323 1366 3383 si
1407 3344 1547 3384 uera
1588 3326 1831 3384 timeret.
