2600 3842
874 218 889 223 ·
961 213 1097 263 ΜΒ.
1142 213 1250 262 v11
1294 198 1656 278 626—687.
2229 212 2310 278 23

388 372 456 421 ut
495 359 702 421 Latiae
742 370 879 436 post
919 378 986 419 se
1026 357 1191 419 uiuat
1231 377 1370 436 pars
1410 357 1667 418 maxima
1707 359 1933 431 turbae,

388 457 662 517 sustinuit
702 456 914 535 dignos
956 456 1133 518 etiarn
1176 475 1340 516 nunc
1380 456 1620 515 credere
1659 454 1815 517 uotis

389 554 724 629 caelicolaS‚
765 553 1073 631 uoluitque
1114 553 1205 615 sui
1247 552 1465 614 solacia
1508 571 1721 612 casus:

391 657 406 685 ‘
425 651 659 713 Parcite
699 651 836 726 iam,
880 651 1094 728 superi,
1135 662 1381 712 cunctas
1422 663 1790 728 prosternere
1831 662 2074 728 gentes:

387 760 580 810 stante
621 760 823 826 potest
863 749 1092 808 mundo
1135 750 1453 823 Romaque
1493 745 1807 825 superstite
1850 751 2106 825 Magnus
2208 760 2306 810 660

386 861 515 903 esse
555 843 747 904 miser.
834 844 883 901 si
923 844 1094 920 plura
1132 841 1340 900 iuuant
1381 860 1516 901 mea
1556 841 1818 914 uolnera,
1860 844 2123 901 coniunx

387 949 477 999 est
519 939 684 1012 mihi,
727 950 866 1000 sunt
908 939 1072 1013 nati3
1127 937 1404 998 dedimus
1446 948 1535 997 tot
1575 937 1824 1014 pignora
1862 939 2014 999 fatis.

386 1034 626 1096 ciuiline
668 1056 881 1114 parum
922 1047 1012 1096 est
1051 1036 1211 1096 bello
1253 1034 1302 1094 si
1344 1053 1560 1111 meque
1601 1053 1885 1111 meosque

386 1133 641 1192 obruet?
720 1133 962 1210 exiguae
1003 1132 1207 1192 clades
1247 1150 1452 1191 sumus
1493 1132 1639 1191 orbe
1677 1135 1956 1192 remoto?

385 1229 588 1288 omnia
629 1230 773 1306 quid
814 1231 1034 1290 laceras
1051 1231 1080 1288 ?
1133 1229 1278 1305 quid
1318 1229 1565 1305 perdere
1605 1238 1821 1291 cuncta
1860 1230 2135 1290 laboras?
2202 1241 2299 1305 665

383 1324 503 1385 iam
545 1326 692 1386 nihil
733 1338 841 1401 est,
886 1330 1167 1398 Fortuna,
1212 1325 1452 1386 meum.²
1533 1323 1619 1385 sic
1657 1326 1825 1399 fatur,
1875 1336 1935 1385 et
1976 1346 2141 1387 arma

383 1422 670 1499 signaque
710 1435 770 1485 et
810 1423 1079 1483 adflictas
1121 1421 1287 1483 omni
1329 1420 1448 1489 iam
1488 1432 1656 1498 parte
1697 1432 1965 1482 cateruas

383 1520 668 1594 circumit,
713 1533 773 1582 et
811 1531 1057 1582 reuocat
1096 1530 1323 1579 matura
1364 1518 1427 1577 in
1466 1520 1590 1578 fata
1628 1531 1866 1578 ruentes

384 1637 568 1695 seque
610 1631 787 1696 negat
827 1619 997 1679 tanti.
1079 1635 1194 1677 nec
1235 1618 1403 1677 derat
1444 1618 1621 1676 robur
1660 1614 1721 1675 in
1763 1636 1936 1677 enses

381 1713 464 1774 ire
507 1714 646 1774 duci
687 1715 1009 1793 iuguloque
1048 1713 1173 1791 pati
1215 1714 1314 1772 uel
1354 1723 1595 1789 pectore
1636 1713 1857 1773 letum:
2205 1724 2303 1785 670

382 1812 488 1871 sed
529 1809 743 1885 timuit,
787 1822 970 1872 strato
1009 1811 1179 1870 miles
1220 1829 1297 1869 ne
1340 1827 1587 1885 corpore
1629 1810 1838 1886 Magni

382 1927 504 1967 non
546 1909 772 1985 fugeret
814 1928 1111 1986 supraque
1152 1908 1371 1967 ducem
1414 1909 1827 1983 procumberet
1869 1905 2064 1981 orbis3

382 2007 650 2067 Caesaris
691 2018 791 2066 aut
832 2006 1019 2067 oculis
1061 2005 1250 2065 uoluit
1290 2005 1622 2065 subducere
1664 2016 1934 2078 mortem,

380 2099 784 2177 nequiquam:
838 2099 1058 2173 infelix,
1104 2118 1312 2160 socero
1353 2111 1620 2177 spectare
1660 2099 1889 2160 uolenti

379 2198 802 2273 praestandum
869 2208 959 2258 est
1020 2196 1386 2273 ubicumque
1446 2207 1663 2272 caput:
1739 2215 1845 2256 seu
1906 2208 1974 2256 tu
2036 2215 2293 2273 quoque,

540 2293 819 2367 coniunx,
2200 2303 2295 2366 675

376 2409 557 2450 causa
595 2392 767 2467 fugae
811 2393 1128 2468 uoltusque
1169 2390 1274 2464 tui,
1318 2389 1573 2468 fatisque
1613 2401 1891 2468 negatum

374 2498 436 2548 te
475 2498 789 2564 praesente
833 2488 1000 2549 mori.
1085 2499 1215 2548 turn
1259 2490 1551 2565 Magnum
1591 2487 1861 2547 concitus
1901 2489 2087 2548 aufert

373 2604 412 2644 a
450 2584 611 2644 bello
655 2584 896 2662 sonipes
937 2605 1061 2646 non
1102 2597 1269 2663 tergo
1311 2588 1430 2645 tela
1469 2597 1789 2661 pauentem

371 2679 748 2757 ingentisque
788 2681 1021 2743 animos
1062 2696 1323 2744 extrema
1363 2682 1425 2741 in
1466 2684 1584 2741 fata
1625 2683 1929 2742 ferentem.

374 2796 499 2837 non
539 2780 815 2854 gemituS,
857 2798 984 2838 non
1027 2780 1199 2839 fletus
1240 2789 1367 2839 erat
1408 2781 1690 2855 saluaque
1731 2780 2028 2839 uerendus
2197 2791 2295 2841 680

373 2872 683 2935 maiestate
724 2876 913 2948 dolor,
956 2877 1193 2953 qualem
1235 2886 1310 2947 te,
1360 2877 1598 2952 Magne,
1641 2874 1894 2935 decebat

373 2971 665 3029 Romanis
705 2982 1001 3047 praestare
1042 2972 1227 3031 malis.
1315 2991 1439 3032 non
1479 2971 1681 3049 inpare
1724 2974 1892 3032 uoltu

371 3067 587 3144 aspicis
631 3068 1004 3144 Emathiam3
1058 3088 1171 3129 nec
1213 3079 1272 3129 te
1313 3069 1517 3129 uidere
1559 3070 1882 3146 superbum

370 3182 652 3241 prospera
694 3165 990 3225 bellorum
1031 3185 1143 3225 nec
1183 3165 1433 3225 fractum
1473 3165 1722 3224 aduersa
1763 3165 2090 3238 uidebunt3

371 3275 670 3334 quamque
712 3259 824 3318 suit
865 3261 1024 3320 laeto
1065 3279 1174 3336 per
1213 3272 1331 3320 tres
1370 3258 1557 3319 infida
1597 3257 1943 3335 triumphos,
2196 3271 2291 3336 685

369 3364 492 3412 tam
534 3353 754 3415 misero
797 3359 1061 3417 Fortuna
1101 3356 1312 3416 minor.
1396 3354 1516 3414 iam
1557 3356 1826 3432 pondere
1866 3356 1971 3416 fati

369 3450 646 3527 deposito
688 3471 925 3512 securus
967 3452 1136 3525 abis3
1188 3470 1349 3510 nunc
1388 3462 1657 3528 tempora
1696 3452 1856 3510 laeta
