2600 3842
851 181 1126 232 LVCANI
1170 179 1270 229 DE
1315 162 1555 230 BELLo
1599 179 1826 229 C1V1L1

429 328 850 408 prosilientque
890 327 1064 388 acies.
1149 327 1373 404 pudeat
1414 325 1627 386 uicisse
1668 336 1960 385 coactum.

431 425 479 486 si
520 426 674 486 duce
716 436 776 485 te
817 425 995 498 iusso,
1038 426 1086 484 si
1106 423 1304 485 ‘nobis
1343 425 1502 484 bella
1541 432 1837 500 geruntur,

430 522 504 583 sit
544 521 699 592 iuris,
742 540 1123 600 quocumque
1164 520 1367 592 uelint,
1413 537 1759 580 concurrere
1799 536 2031 594 campo.
2279 527 2347 580 80

432 618 577 693 quid
618 616 826 676 mundi
867 615 1095 693 gladios
1135 636 1173 675 a
1214 613 1501 692 sanguine
1542 613 1814 675 Caesaris
1854 615 2062 672 arces?

428 716 663 775 uibrant
706 716 825 775 tela
865 733 1076 773 manus
1084 736 1103 789 ;
1158 712 1259 773 uix
1301 715 1469 789 signa
1509 709 1799 771 morantia
1839 710 2152 787 quisquam

429 822 767 887 exspectat:
822 831 1091 888 propera,
1134 829 1212 870 ne
1252 821 1313 870 te
1356 821 1457 869 tua
1496 808 1743 868 classica
1779 807 2069 883 linquant.

428 908 574 968 scire
617 919 856 969 senatus
897 919 1052 980 auct,
1098 906 1266 967 miles
1310 918 1383 978 te,
1433 908 1675 983 Magne,
1718 915 2013 981 sequatur,

424 1025 502 1065 an
544 1008 784 1065 comeS.’

988 1162 1109 1220 The
1142 1161 1304 1236 reply
1341 1159 1418 1235 os
1440 1159 1699 1234 Pompey.

799 1277 1089 1356 ingemuit
1128 1292 1339 1354 rector,
1382 1278 1686 1355 sensitque
1728 1279 1974 1338 deorum
2276 1286 2342 1351 85

427 1396 558 1437 esse
598 1376 770 1437 dolos
813 1388 873 1436 et
913 1378 1033 1437 fata
1074 1397 1217 1437 suae
1258 1374 1550 1436 contraria
1592 1373 1795 1434 menti.

430 1476 522 1534 ‘Si
564 1476 762 1551 placet
803 1474 950 1534 hoc’
992 1474 1186 1551 inquit
1229 1473 1511 1545 ‘cunctiS,
1556 1472 1604 1531 si
1646 1471 1831 1531 milite
1874 1474 2117 1547 Magno,

426 1589 548 1630 non
589 1571 741 1630 duce
778 1581 1021 1648 ‘tempus
1064 1581 1213 1648 eget,
1255 1571 1343 1629 -nil
1384 1572 1534 1629 ultra
1575 1572 1696 1629 fata
1735 1570 2023 1628 morabor.

427 1666 695 1728 inuoluat
734 1669 990 1744 populos
1032 1687 1152 1728 una
1192 1670 1454 1727 Fortuna
1493 1666 1682 1739 ruina,

423 1762 615 1840 sitque
654 1765 968 1825 hominum
1011 1784 1261 1842 magnae
1304 1766 1408 1824 lux
1447 1764 1560 1824 ista
1599 1763 1923 1824 nouissima
1962 1764 2129 1841 parti.
2275 1785 2342 1836 90

421 1869 621 1933 testor,
667 1865 879 1937 Roma,
926 1873 1126 1922 tamen
1170 1863 1475 1938 Magnum,
1521 1879 1641 1936 quo
1682 1871 1899 1921 cuncta
1938 1860 2212 1939 perirent,

425 1959 726 2036 accepisse
767 1959 944 2019 diem.
1028 1959 1225 2034 potuit
1261 1957 1371 2018 >tibi
1412 1960 1656 2019 uolnere
1696 1960 1858 2018 nullo

422 2067 575 2117 stare
615 2058 785 2115 labor
823 2055 961 2116 belli
978 2074 999 2127 23
1055 2055 1249 2131 potuit
1291 2056 1420 2114 sine
1461 2055 1646 2114 caede
1687 2058 1999 2115 subactum

427 2151 853 2228 captiuumque
894 2152 1109 2212 ducem
1148 2152 1411 2211 uiolatae
1452 2153 1684 2211 tradere
1724 2153 1869 2228 paci.

424 2249 558 2325 quis
598 2250 773 2320 furor,
819 2268 858 2308 o
899 2249 1078 2320 caeci,
1123 2248 1455 2309 scelerum?
1534 2248 1732 2308 ciuilia
1771 2249 1928 2309 bella
2273 2270 2337 2325 95

424 2345 644 2423 gesturi
686 2356 962 2405 metuunt
997 2362 1078 2405 ne
1119 2365 1242 2406 non
1286 2364 1423 2404 cum
1466 2345 1750 2422 sanguine
1791 2344 2077 2405 uincant?

421 2440 770 2501 abstulimus
814 2452 1009 2512 terraS,
1053 2440 1408 2502 exclusimus
1450 2461 1708 2518 aequore
1749 2452 1895 2517 τοῖο,

422 2540 500 2598 ad
541 2550 942 2615 praematuras
984 2549 1249 2615 segetum
1290 2538 1490 2599 ieiuna
1529 2539 1764 2616 rapinas

420 2635 657 2712 agmina
697 2636 1108 2712 compulimus,
1149 2645 1479 2712 uotumque
1521 2636 1823 2695 effecimus
1864 2634 2021 2695 hosti

421 2741 487 2789 ut
527 2732 728 2791 mallet
771 2731 949 2791 sterni
989 2731 1196 2809 gladiis
1240 2743 1581 2808 mortesque
1624 2750 1863 2791 suorum
2244 2753 2337 2790 100

419 2829 774 2903 permiscere
815 2827 978 2888 meis.
1063 2826 1204 2886 belli
1245 2847 1380 2904 pars
1421 2847 1637 2905 magna
1677 2839 1917 2904 peracta
1959 2836 2048 2886 est

420 2922 527 2993 his,
572 2922 785 2998 quibus
828 2925 1104 2983 effectum
1146 2934 1236 2983 est
1276 2943 1354 2983 ne
1395 2943 1656 3001 pugnam
1698 2923 1810 2983 tiro
1851 2932 2096 3000 paueret
2114 2942 2134 2995 3

422 3018 471 3077 si
513 3020 695 3079 modo
735 3018 965 3078 uirtutis
1007 3019 1256 3078 stimulis
1298 3019 1537 3096 iraeque
1577 3021 1773 3079 calore

422 3113 590 3190 signa
628 3125 855 3190 petunt.
941 3105 1160 3174 multos
1202 3115 1262 3173 in
1308 3135 1538 3174 summa
1576 3116 1840 3191 pericula
1879 3113 2039 3175 misit

418 3209 652 3269 uenturi
694 3209 869 3269 timor
908 3208 1037 3286 ipse
1077 3210 1233 3269 mali.
1318 3211 1669 3270 fortissimus
1710 3210 1809 3271 ille
1849 3223 1954 3282 est,
2242 3230 2333 3284 105

422 3304 542 3380 qui,
583 3315 892 3381 promptus
935 3306 1256 3365 metuenda
1296 3306 1423 3382 pati
1464 3306 1513 3366 si
1554 3306 1888 3366 comminus
1929 3306 2167 3378 instent,

424 3412 485 3460 et
525 3401 755 3462 differre
794 3412 1006 3478 potest.
1076 3403 1276 3478 placet
1316 3402 1467 3463 haec
1507 3413 1629 3462 tam
1671 3421 1956 3480 prospera
1993 3420 2188 3464 rerum
