2600 3842
288 166 326 215 2
493 128 499 133 ἡ
797 161 1076 212 LVCANI
1121 161 1221 210 DE
1268 159 1509 210 BELLO
1554 160 1783 210 CIVILI
1852 197 1855 200 -

366 319 427 369 et
466 328 876 386 quaecumque
915 310 1090 386 fugax
1131 306 1417 369 Sertorius
1458 306 1670 384 inpulit
1710 325 1887 378 arma,

366 407 630 482 Vespere
672 416 906 482 pacato,
948 424 1098 481 pura
1138 401 1493 465 uenerabilis
1535 422 1725 478 aeque

368 522 545 579 quam
590 520 792 561 currus
834 513 1085 561 ornante
1126 514 1282 577 toga,
1327 501 1653 576 plaudente
1694 509 1922 571 senatu,

368 597 520 656 sedit
561 599 757 657 adhuc
802 600 1113 657 Romanus
1154 617 1377 672 eques:
1432 615 1537 655 seu
1579 597 1698 654 fine
1738 597 2041 654 bonorum

368 693 544 753 anxia
583 695 846 753 uenturis
889 694 967 753 ad
1008 704 1277 769 tempora
1318 694 1474 752 laeta
1513 689 1743 767 refugit,
2231 713 2296 748 20

369 789 493 849 siue
535 809 640 867 per
678 792 960 866 ambages
1002 790 1203 848 solitas
1246 787 1540 849 contraria
1582 786 1725 846 uisis

369 886 687 946 uaticinata
729 887 905 971 quies
939 886 1137 962 magni
1178 885 1312 945 tulit
1352 885 1555 943 omina
1594 885 1886 963 planctu5,

372 1002 475 1041 seu
518 982 702 1042 uetito
744 983 960 1059 patrias
1001 970 1154 1053 uldra
1194 980 1304 1041 tibi
1346 1000 1584 1041 cernere
1628 980 1800 1039 sedes

372 1080 456 1139 sic
499 1084 758 1140 Romam
803 1083 1063 1140 Fortuna
1105 1077 1285 1139 dedit
1371 1098 1448 1138 ne
1490 1076 1742 1153 rumpite
1785 1095 2045 1146 somn08‚

373 1189 698 1237 castrorum
743 1176 950 1253 uigiles
970 1201 988 1252 3
1042 1178 1233 1236 nullas
1274 1178 1419 1234 tuba
1461 1178 1732 1235 uerberet
1773 1193 1961 1233 aures.
2232 1195 2296 1247 25

373 1273 627 1333 crastina
666 1275 793 1334 dira
833 1273 998 1351 quies
1042 1284 1101 1334 et
1142 1273 1399 1349 imagine
1442 1284 1669 1331 maesta
1709 1271 1920 1330 diurna

375 1371 639 1449 undique
681 1373 944 1431 funestas
986 1371 1143 1431 acies
1183 1373 1349 1442 feret,
1393 1369 1655 1445 undique
1696 1370 1955 1428 bellum:

374 1471 535 1529 unde
577 1490 746 1547 pares
789 1488 1032 1528 somnos
1073 1467 1311 1546 populis
1353 1479 1712 1543 noctemque
1753 1468 2038 1526 beatam?

377 1585 413 1625 o
456 1567 608 1640 felix,
654 1567 703 1626 si
743 1577 804 1627 te
845 1568 943 1625 uel
986 1565 1072 1625 sic
1112 1577 1214 1625 tua
1258 1568 1455 1625 Roma
1497 1561 1740 1623 uideret.

376 1665 701 1735 donassent
744 1663 970 1723 utinam
1014 1663 1209 1740 superi
1249 1660 1594 1739 patriaeque
1636 1659 1864 1738 tibique
2199 1720 2208 1729 ,
2236 1683 2302 1733 30

381 1783 586 1835 unum,
633 1765 872 1838 Magne,
915 1761 1096 1835 diem,
1142 1780 1263 1837 quo
1304 1760 1408 1818 fati
1450 1770 1644 1819 certus
1687 1771 1936 1833 uterque

377 1872 703 1922 extremum
747 1858 896 1918 tanti
936 1861 1189 1918 fructum
1230 1855 1511 1934 raperetis
1552 1856 1785 1915 amoris.

378 1971 440 2018 tu
482 1957 645 2016 uelut
685 1954 953 2016 Ausonia
992 1954 1162 2014 uadis
1203 1954 1517 2014 moriturus
1557 1952 1621 2012 in
1663 1953 1841 2013 urbe:

378 2055 493 2127 illa,
536 2052 646 2113 rati
688 2070 923 2130 semper
962 2052 1041 2112 de
1080 2062 1141 2112 te
1184 2052 1297 2111 sibi
1340 2050 1579 2116 conscia
1621 2050 1763 2123 uoti,

380 2153 498 2210 hoc
539 2151 731 2210 scelus
770 2148 930 2208 haud
973 2168 1259 2225 umquam
1300 2148 1433 2207 fatis
1473 2148 1715 2207 haerere
1756 2146 2002 2223 putauit,
2240 2166 2305 2219 35

381 2247 464 2307 sic
506 2266 569 2306 se
611 2245 812 2305 dilecti
855 2247 1144 2304 tumulum
1189 2264 1430 2321 quoque
1472 2246 1720 2321 perdere
1765 2243 1986 2321 Magni.

382 2356 439 2404 te
481 2343 666 2403 mixto
707 2344 905 2403 flesset
947 2343 1112 2401 luctu
1154 2340 1504 2418 iuuenisque
1547 2359 1847 2417 senexque

382 2440 757 2516 iniussusque
798 2459 978 2516 puer3
1035 2440 1350 2499 lacerasset
1392 2440 1553 2498 crine
1594 2440 1790 2523 soluto

382 2550 628 2614 pectora
667 2536 1008 2608 femineum,
1055 2556 1166 2595 ceu
1210 2536 1375 2595 Bruti
1415 2538 1636 2607 funere,
1680 2536 1905 2612 uolgus.

384 2655 547 2694 nunc
588 2654 844 2711 quoque,
891 2635 1010 2693 tela
1049 2634 1187 2693 licet
1228 2642 1489 2710 paueant
1529 2632 1768 2692 uictoris
1811 2631 2018 2709 iniqui,
2240 2656 2310 2703 40

385 2731 619 2792 nuntiet
660 2732 787 2808 ipse
828 2731 967 2803 licet
1009 2733 1232 2792 Caesar
1271 2741 1375 2789 tua
1413 2731 1635 2800 funera,
1677 2730 1906 2789 flebunt
1926 2750 1943 2803 3

387 2829 494 2888 sed
534 2829 680 2888 dum
722 2837 851 2886 tura
891 2829 1102 2900 ferunt,
1140 2821 1290 2887 ‘dum
1335 2828 1535 2885 laurea
1576 2837 1729 2885 serta
1768 2826 2049 2886 Tonanti.

387 2947 425 2986 o
468 2924 679 2996 miseri,
726 2944 976 3000 quorum
1020 2926 1274 3002 gemitus
1316 2923 1493 2984 edere
1534 2923 1817 2996 dolorem,

328 3012 335 3015 ⁸
389 3021 491 3099 qui
532 3033 591 3082 te
631 3041 754 3081 non
795 3022 975 3099 pleno
1016 3021 1232 3097 pariter
1271 3021 1549 3097 planxere
1592 3018 1838 3079 theatro.

334 3199 456 3258 The
491 3199 831 3287 Pompeiam
869 3198 1118 3256 demand
1150 3199 1336 3256 battle.
1431 3199 1624 3256 Cicero
1665 3198 1716 3254 is
1754 3197 1907 3256 tlzeir
1941 3195 2287 3272 spokesman.

470 3320 712 3379 Vicerat
751 3331 907 3379 astra
947 3308 1134 3391 iubar,
1178 3338 1317 3377 cum
1358 3302 1543 3395 mixto
1586 3337 1883 3377 murmure
1924 3319 2099 3377 turba
2243 3337 2309 3390 45

394 3425 717 3474 castrorum
758 3414 994 3520 fremuit
1034 3413 1288 3489 fatisque
1331 3413 1699 3473 trahentibus
1738 3415 1944 3472 orbem
