2600 3842
921 173 1059 223 ΠΒ.
1106 173 1212 221 v11
1262 161 1619 239 385—447.
2199 171 2269 237 15

255 306 262 312 ’
352 322 416 381 hi
458 331 704 398 possent
748 321 984 396 explere
1026 318 1154 391 uiri,
1199 337 1349 395 quos
1391 318 1675 395 undique
1698 316 1872 376 traxit
2178 337 2275 390 415

349 417 412 477 in
453 415 727 476 miseram
771 417 1038 475 Fortuna
1078 434 1307 488 necem,
1352 414 1499 473 dum
1539 433 1786 473 munera
1826 411 1988 489 longi

350 513 605 590 explicat
646 510 904 588 eripiens
944 510 1093 583 aeui,
1136 513 1512 588 populosque
1553 511 1857 585 ducesque

350 608 657 671 constituit
699 609 943 685 campis,
987 629 1096 686 per
1137 628 1286 686 quos
1330 609 1453 680 tibi,
1500 611 1716 680 Roma,
1759 606 1953 666 ruenti

352 711 630 770 ostendat
672 728 852 784 quam
893 727 1111 784 magna
1150 710 1347 767 cadas.
1433 726 1554 783 quo
1594 705 1771 765 latius
1812 707 2019 766 orbem

353 805 638 882 possedit,
681 804 852 864 citius
894 823 1002 880 per
1042 824 1326 881 prospera
1367 805 1488 863 fata
1527 803 1794 865 cucurrit.
2022 824 2026 828 ’
2178 825 2278 874 420

355 923 533 964 omne
575 901 687 962 tibi
728 903 951 962 bellum
992 913 1200 979 gentes
1243 901 1412 961 dedit
1453 900 1733 960 omnibus
1774 899 1980 960 annis:

355 1012 414 1060 te
456 999 759 1077 geminum
801 999 982 1058 Titan
1026 999 1349 1076 procedere
1391 998 1539 1058 uidit
1580 998 1642 1057 in
1683 1017 1892 1059 axem:

325 1098 519 1157 'haud
560 1098 815 1155 multum
860 1107 1047 1156 terrae
1090 1096 1347 1173 spatium
1390 1097 1648 1155 restabat
1691 1097 1874 1168 ane,

354 1208 420 1255 ut
462 1194 572 1254 tibi
613 1213 747 1265 nox,
793 1193 901 1253 tibi
943 1206 1070 1254 tota
1112 1194 1258 1267 dies,
1302 1193 1411 1253 tibi
1452 1204 1706 1253 curreret
1746 1195 1965 1265 aether,

357 1291 675 1368 omniaque
717 1303 976 1352 errantes
1019 1293 1222 1351 stellae
1264 1294 1545 1350 Romana
1584 1290 1873 1351 uiderent.
2181 1310 2277 1362 425

357 1391 463 1451 sed
504 1400 658 1448 retro
701 1399 804 1447 tua
843 1390 964 1447 fata
1005 1389 1138 1448 tulit
1179 1408 1288 1465 par
1331 1387 1608 1448 omnibus
1652 1388 1823 1447 annis

360 1485 673 1546 Emathiae
717 1488 952 1544 funesta
992 1485 1135 1545 dies.
1222 1487 1337 1544 hac
1377 1487 1508 1545 luce
1550 1497 1793 1545 cruenta

359 1586 635 1645 effectum
677 1593 744 1642 ut
786 1582 990 1642 Latios
1033 1602 1156 1642 non
1197 1584 1433 1651 horreat
1477 1582 1653 1641 India
1691 1585 1897 1654 fasceS,

359 1701 473 1743 nec
514 1680 730 1741 uetitos
773 1699 964 1740 errare
1007 1681 1212 1739 Dahas
1254 1680 1319 1739 in
1361 1680 1600 1743 moenia
1640 1681 1821 1740 ducat

358 1777 866 1854 Sarmaticumque
905 1788 1135 1853 premat
1177 1779 1513 1837 succinctus
1551 1780 1758 1837 consul
1794 1786 2076 1839 aratrum:
2183 1799 2283 1849 430

361 1878 525 1953 quod
570 1895 806 1952 semper
848 1894 1056 1935 saeuas
1099 1876 1282 1934 debet
1325 1875 1434 1934 tibi
1477 1875 1713 1934 Parthia
1753 1894 1995 1951 poenaS,

362 1974 524 2050 quod
566 1972 796 2050 fugiens
838 1971 1012 2032 ciuile
1053 1974 1217 2032 nefas
1258 1971 1635 2048 redituraque
1676 1989 2001 2046 numquam

361 2069 599 2131 libertas
641 2072 793 2129 ultra
832 2069 1056 2146 Tigrim
1104 2071 1506 2146 Rhenumque
1547 2069 1805 2142 recessit,

363 2187 434 2226 ac
475 2168 694 2227 totiens
736 2165 911 2226 nobis
953 2167 1156 2243 iugulo
1199 2168 1468 2243 quaesita
1510 2177 1770 2243 uagatur,

365 2266 728 2325 Germanum
774 2262 1236 2343 Scythicumque
1279 2266 1523 2335 bonum,
1568 2283 1681 2323 nec
1722 2263 1959 2341 respicit
2000 2266 2150 2322 ultra

364 2358 706 2419 Ausoniam.
795 2362 1030 2434 uellem,
1076 2359 1314 2437 populis
1359 2360 1658 2437 incognita
1699 2360 1913 2420 nostris
2187 2369 2285 2432 436

365 2456 611 2516 uolturis
654 2468 721 2516 ut
763 2459 1014 2532 primum
1058 2459 1232 2517 laeuo
1271 2459 1520 2517 fundata
1560 2460 1764 2518 uolatu

368 2555 660 2638 Romuius
701 2553 906 2613 infami
951 2554 1273 2631 compleuit
1315 2554 1554 2614 moenia
1594 2556 1747 2627 luco,

367 2669 553 2727 usque
595 2652 673 2710 ad
714 2651 1087 2712 Thessalicas
1129 2651 1425 2722 seruisseS‚
1472 2652 1686 2722 Roma,
1731 2650 1942 2712 ruinas.

367 2748 444 2808 de
486 2748 700 2820 BrutiS‚
744 2751 1024 2819 Fortuna,
1073 2768 1301 2825 queror.
1388 2747 1534 2824 quid
1575 2758 1845 2824 tempora
1885 2750 2080 2825 legum
2188 2771 2287 2820 440

368 2846 593 2921 egimus
635 2856 736 2904 aut
777 2865 969 2906 annos
1011 2865 1047 2905 a
1087 2847 1335 2905 consule
1376 2865 1600 2905 nomen
1641 2846 1959 2907 habentis?

366 2941 566 3001 felices
609 2943 835 3001 Arabes
879 2941 1170 3017 Medique
1214 2943 1464 3018 anque
1505 2943 1694 3014 telluS,

367 3058 549 3116 quam
590 3040 705 3098 sub
741 3041 1038 3116 perpetuis
1081 3049 1397 3098 tenuerunt
1435 3040 1557 3097 fata
1598 3038 1876 3114 tyrannis.

368 3153 443 3193 ex
483 3133 720 3211 populis
762 3134 865 3210 qui
905 3153 1087 3211 regna
1126 3137 1321 3195 ferunt
1361 3152 1487 3194 sors
1528 3132 1734 3194 ultima
1773 3144 1976 3194 nostra
2018 3144 2120 3203 est,

368 3249 522 3307 quos
563 3231 779 3290 seruire
819 3233 1023 3308 pudet.
1112 3242 1250 3291 sunt
1291 3231 1464 3292 nobis
1507 3233 1668 3290 nulla
1709 3233 1976 3307 profecto
2189 3247 2286 3300 445

370 3325 647 3387 numina:
704 3348 842 3387 cum
885 3348 1067 3389 caeco
1107 3328 1408 3405 rapiantur
1449 3329 1684 3388 saecula
1722 3346 1880 3398 casu,

369 3422 690 3483 mentimur
731 3444 976 3502 regnare
1022 3429 1248 3485 Iouem.
1335 3424 1628 3501 spectabit
1669 3425 1746 3482 ab
1786 3424 1908 3497 alto
