2600 3842
306 166 344 227 8

808 177 1083 229 LVCANI
1130 179 1233 228 DE
1277 178 1515 229 BELLO
1560 178 1788 229 CIVILI

387 328 625 386 aethera
665 346 770 386 seu
812 338 1005 388 totum
1046 326 1305 388 discordi
1346 329 1630 390 obsistere
1673 332 1841 390 caelo

384 422 801 499 perspexitque
840 424 1030 499 poIOS,
1075 442 1179 483 seu
1220 443 1447 484 numen
1487 424 1550 483 in
1591 427 1829 486 aethere
1870 437 2161 487 maestum

385 518 523 576 solis
564 517 626 575 in
669 519 921 578 obscuro
962 538 1225 596 pugnam
1268 520 1494 596 pallore
1536 521 1782 580 notauit.
2204 544 2302 580 200

387 613 734 674 dissimilem
775 627 935 676 certe
974 616 1202 677 cunctis
1244 637 1398 694 quos
1441 618 1697 694 explicat
1738 617 1858 694 egit

383 711 792 770 Thessalicum
837 714 1064 773 Natura
1106 713 1282 773 diem.
1369 712 1419 772 si
1460 724 1675 773 cuncta
1714 714 1908 791 perito

386 826 602 883 augure
642 826 813 867 mens
854 808 1165 867 hominum
1207 808 1359 868 caeli
1400 828 1562 869 noua
1602 809 1768 886 signa
1809 820 2088 883 notasset,

385 902 635 979 spectari
676 913 806 964 toto
847 904 1042 981 potuit
1081 904 1383 964 Pharsalia
1423 905 1668 964 mundo·

384 1020 422 1059 o
465 1019 730 1060 summos
769 1000 1098 1073 hominum,
1135 1021 1391 1077 quorum
1435 1004 1700 1061 Fortuna
1736 1020 1841 1077 per
1878 1002 2083 1062 orbem
2207 1023 2301 1076 205

386 1095 552 1172 signa
593 1095 775 1168 dedit,
821 1116 1072 1173 quorum
1114 1098 1248 1158 fatis
1290 1098 1519 1158 caelum
1562 1116 1746 1158 omne
1788 1098 2039 1158 uacauit.

384 1193 534 1252 haec
576 1203 635 1252 et
675 1193 837 1269 apud
879 1213 1034 1254 seras
1074 1206 1279 1270 gentes
1322 1195 1697 1271 populosque
1736 1205 2044 1270 nepotum,

386 1289 513 1350 siue
554 1309 661 1349 sua
701 1301 931 1349 tantum
972 1291 1214 1352 uenient
1255 1291 1317 1351 in
1361 1293 1597 1352 saecula
1636 1292 1813 1361 fama,

386 1386 511 1446 siue
552 1386 775 1463 aliquid
818 1388 1047 1464 magnis
1088 1387 1272 1449 nostri
1315 1408 1554 1465 quoque
1596 1409 1735 1449 cura
1775 1388 1990 1449 laboris

387 1483 729 1544 nominibus
771 1487 1054 1561 prodesse
1094 1496 1308 1562 potest,
1352 1506 1489 1546 cum
1531 1487 1689 1547 bella
1728 1488 2012 1562 legentur,
2084 1472 2088 1478 ¹
2202 1509 2301 1545 210

387 1600 645 1659 spesque
685 1594 999 1660 metusque
1039 1583 1213 1643 simul
1254 1583 1629 1660 perituraque
1670 1595 1812 1645 uota
1853 1584 2200 1656 monebunt,

386 1679 739 1755 attonitique
780 1699 990 1740 omnes
1032 1678 1215 1740 ueluti
1257 1679 1562 1739 uenientia
1598 1680 1736 1750 fata,

388 1794 508 1834 non
551 1775 909 1847 transmissa,
952 1776 1148 1852 legent
1190 1785 1250 1835 et
1291 1776 1492 1835 adhuc
1534 1775 1659 1848 tibi,
1707 1778 1948 1852 Magne,
1993 1774 2298 1836 fauebunt.

893 1958 1182 2034 Pompcy's
1219 1957 1393 2016 order
1427 1957 1501 2032 of
1527 1956 1710 2015 battle.

470 2077 663 2149 MileS,
709 2089 774 2137 ut
814 2079 1068 2138 aduerso
1110 2077 1339 2138 Phoebi
1379 2077 1640 2137 radiatus
1683 2079 1759 2137 ab
1800 2077 1920 2137 ictu

389 2174 760 2236 descendens
799 2184 960 2234 totos
1000 2174 1258 2250 perfudit
1299 2171 1523 2233 lumine
1566 2175 1765 2245 colles,
2207 2195 2303 2248 215

391 2287 513 2326 non
555 2278 775 2329 temere
816 2267 1115 2328 immissus
1158 2270 1389 2344 campis
1431 2269 1593 2328 stetit
1633 2269 1841 2329 ordine
1881 2281 2059 2340 cert0,

388 2363 589 2423 infelix
630 2364 807 2425 acieS.
890 2385 1105 2425 cornus
1147 2365 1255 2425 tibi
1297 2385 1440 2425 cura
1480 2366 1713 2438 sinistri,

390 2461 658 2533 Lentule,
703 2481 839 2521 cum
881 2460 1087 2537 prima,
1133 2479 1285 2537 quae
1329 2471 1457 2519 tum
1496 2460 1606 2520 fuit
1648 2459 1875 2537 optima
1915 2461 2094 2532 benc,

394 2570 452 2617 et
494 2573 702 2634 quarta
741 2558 972 2634 legione
1014 2558 1204 2618 datur.
1290 2556 1417 2629 tibi,
1460 2557 1708 2617 numine
1748 2577 1985 2635 pugnax

389 2655 638 2714 aduerso
683 2655 928 2728 Domiti,
973 2653 1164 2715 dextri
1204 2656 1366 2714 frons
1409 2653 1624 2714 tradita
1667 2654 1895 2714 Martis.
2208 2676 2306 2712 220

390 2760 451 2808 at
492 2749 674 2810 medii
716 2751 894 2809 robur
934 2749 1072 2809 belli
1114 2749 1431 2810 fortissima
1470 2750 1722 2810 densant

390 2844 643 2922 agmina,
688 2864 842 2921 quae
884 2845 1138 2907 Cilicum
1182 2845 1348 2906 terris
1389 2846 1649 2906 deducta
1688 2844 1933 2906 tenebat

394 2939 610 3017 Scipio,
655 2939 826 2999 miles
867 2938 930 3000 in
973 2942 1104 3015 hoc,
1152 2942 1378 3017 Libyco
1420 2941 1543 3001 dux
1583 2939 1811 3016 primus
1848 2939 1911 3001 in
1954 2941 2113 3002 orbe.

392 3049 452 3097 at
493 3034 654 3094 iuxta
693 3036 905 3096 fluuios
949 3047 1007 3097 et
1049 3049 1256 3114 stagna
1296 3038 1578 3097 undantis
1623 3035 1838 3113 Enipei

393 3134 824 3209 Cappadocum
865 3145 1150 3193 montana
1190 3134 1405 3194 cohors
1447 3146 1506 3194 et
1546 3136 1739 3210 largus
1778 3135 2048 3196 habenae
2210 3156 2305 3209 225

394 3229 674 3289 Ponticus
717 3229 840 3289 ibat
880 3248 1080 3306 eques,
1166 3229 1310 3290 sicci
1350 3232 1457 3291 sed
1498 3230 1749 3307 plurima
1788 3230 1986 3307 campi

396 3326 717 3386 tetrarchae
759 3344 1042 3402 regesque
1082 3336 1287 3386 tenent
1330 3327 1647 3405 magnique
1690 3326 1940 3403 tyranni,
2032 3339 2035 3342 ’

395 3432 571 3497 atque
612 3421 805 3481 omnis
847 3423 1020 3482 Latio
1062 3441 1216 3497 quae
1256 3423 1434 3483 seruit
1474 3440 1732 3500 purpura
1772 3424 1938 3486 ferro.
