2600 3842
954 197 1090 248 ΜΒ.
1137 197 1244 246 V11
1289 187 1493 263 78-1
1508 201 1603 265 37.
2225 203 2256 270 5

352 352 583 411 tradere
622 352 910 421 fortunae,
955 349 1155 425 gladio
1195 350 1534 427 permittere
1576 349 1784 413 mundi

353 446 705 507 discrimem
762 464 1027 522 pugnare„
1066 445 1284 517 ducem
1327 458 1507 523 quam
1546 448 1787 518 uincere
1829 450 2071 509 malunt.

352 562 445 602 res
485 541 631 602 mihi
671 545 980 602 Romanas
1020 542 1286 616 dederas,
1334 547 1383 602 F
1384 555 1612 618 ortuna,
1654 547 1977 621 regendas:
2170 569 2264 606 110

354 637 559 715 accipe
601 641 852 699 maiores
893 651 953 699 et
993 659 1179 701 caeco
1217 639 1281 698 in
1325 642 1520 701 Marte
1563 650 1741 701 tuere.

356 736 606 812 Pompei
647 756 759 796 nec
801 737 1024 796 crimen
1067 736 1174 797 erit
1216 756 1329 797 nec
1370 736 1555 814 gloria
1594 739 1830 797 bellurn.

355 831 545 893 uineis
584 834 749 909 apud
790 853 1037 910 superos
1076 833 1235 894 uotis
1275 852 1394 907 me,
1437 835 1673 907 Caesar,
1718 834 1968 913 iniquis:

355 939 662 1007 pugnatur.
734 944 1024 1007 quantum
1067 933 1355 993 scelerum
1396 943 1803 1008 quantumque
1845 933 2131 991 malorum

354 1026 415 1086 in
456 1028 710 1104 populos
749 1029 850 1086 lux
889 1027 1001 1088 ista
1040 1030 1221 1088 feret!
1275 1039 1423 1103 quot
1463 1046 1644 1104 regna
1682 1027 1997 1088 iacebunt!
2173 1045 2262 1098 115

355 1124 643 1198 sanguine
686 1127 966 1185 Romano
1009 1145 1188 1201 quam
1229 1125 1500 1184 turbidus
1540 1124 1650 1185 ibit
1691 1125 1994 1202 Enipeus!
2081 1126 2088 1133 ’

356 1220 547 1296 prima
586 1223 767 1282 uelim
808 1232 1005 1305 caput·
1032 1223 1149 1282 hoc
1191 1220 1407 1281 funesti
1448 1223 1657 1283 lancea
1697 1223 1854 1296 belli,

356 1316 407 1376 si
446 1317 574 1377 sine
614 1330 925 1403 momento
964 1339 1157 1380 rerum
1198 1318 1500 1395 partisque
1540 1319 1711 1379 ruina

356 1434 627 1473 casurum
668 1427 776 1487 est,
817 1416 1022 1491 feriat3
1078 1435 1273 1492 neque
1317 1416 1476 1477 enim
1518 1415 1765 1479 uictoria
1807 1420 2032 1494 Magno

357 1511 577 1572 laetior.
661 1524 763 1573 aut
803 1512 1040 1589 populis
1084 1512 1340 1585 inuisum
1382 1514 1495 1572 hac
1536 1515 1705 1574 clade
1745 1525 1984 1589 peracta
2173 1532 2265 1569 120

357 1619 459 1667 aut
498 1608 679 1670 hodie
720 1610 1039 1686 Pompeius
1082 1608 1190 1670 erit
1231 1610 1565 1670 miserabile
1605 1629 1847 1669 nomen.

359 1724 537 1766 omne
577 1708 801 1766 malum
842 1706 1002 1778 uicti,
1049 1708 1211 1781 quod
1254 1726 1380 1767 sors
1420 1709 1565 1766 feret
1606 1706 1815 1766 ultima
1855 1725 2060 1776 rerum,

359 1821 537 1863 omne
577 1806 744 1863 nefas
786 1802 1030 1863 uictoris
1073 1802 1219 1863 erit!

647 1968 766 2026 The
805 1967 1148 2055 Pompeiam
1188 1969 1353 2027 make
1392 1973 1565 2045 ready
1586 1971 1701 2046 for
1736 1969 1919 2028 battle.

1217 2088 1301 2149 sic
1342 2093 1510 2164 fatur,
1555 2102 1614 2151 et
1654 2109 1818 2150 arma

359 2185 644 2264 permittit
683 2185 922 2264 populis
963 2188 1278 2262 frenosque
1319 2188 1648 2247 furentibus
1689 2187 1774 2247 ira

360 2285 517 2343 laxat
556 2294 617 2344 et
655 2295 720 2343 ut
762 2283 955 2344 uictus
995 2282 1260 2343 uiolento
1300 2282 1502 2343 nauita
1545 2286 1704 2345 Coro
2181 2299 2272 2352 125

360 2381 463 2441 dat
502 2380 763 2460 regimen
806 2381 1019 2453 uentiS,
1062 2381 1462 2459 ignatiumque
1503 2391 1627 2440 arte
1667 2381 1869 2440 relicta

359 2477 578 2554 puppis
620 2497 774 2537 onus
814 2477 1078 2538 trahitur.
1163 2476 1398 2554 trepido
1438 2478 1685 2537 confusa
1725 2479 1978 2537 tumultu

359 2585 549 2634 castra
584 2576 860 2647 fremunt,
903 2571 1209 2650 animique
1251 2585 1445 2632 truces
1487 2593 1593 2632 sua
1634 2583 1874 2650 pectora
1916 2574 2152 2650 pulsant

362 2670 575 2731 ictibus
615 2670 866 2730 incertis.
957 2672 1276 2731 multorum
1320 2671 1508 2746 pallor
1549 2669 1611 2727 in
1651 2688 1753 2729 ore

362 2764 564 2825 mortis
605 2777 946 2826 uenturaest
985 2767 1287 2841 faciesque
1329 2765 1625 2824 simillima
1663 2767 1801 2827 fato,
2182 2787 2275 2838 130

364 2859 675 2921 aduenisse
717 2861 873 2921 diem
918 2861 1018 2939 qui
1060 2863 1245 2920 fatum
1287 2863 1461 2921 rebus
1501 2859 1564 2920 in
1605 2880 1819 2920 aeuum

363 2959 646 3018 conderet
685 2958 979 3032 humaniS,
1024 2971 1084 3020 et
1125 2959 1343 3042 quaeri,
1389 2961 1590 3018 Roma
1628 2958 1772 3036 quid
1814 2969 1984 3030 esset,

363 3054 466 3114 illo
508 3057 720 3126 Marte,
765 3057 967 3130 palam
1008 3068 1112 3117 est.
1200 3076 1308 3116 sua
1348 3056 1598 3133 quisque
1639 3057 1899 3133 pericula
1938 3053 2127 3116 nescit

364 3149 650 3210 attonitus
691 3150 916 3210 maiore
959 3163 1138 3212 metu.
1225 3152 1358 3229 quis
1398 3151 1570 3211 litora
1610 3163 1796 3227 ponto

366 3248 595 3317 obruta,
637 3245 770 3322 quis
813 3248 1061 3308 summis
1101 3267 1350 3308 cernens
1389 3248 1451 3306 in
1494 3248 1795 3307 montibus
1832 3263 2067 3323 aequor,
2181 3265 2271 3319 135

364 3343 724 3417 aetheraque
765 3342 827 3400 in
870 3353 1050 3403 terras
1091 3344 1327 3404 deiecto
1368 3346 1493 3404 sole
1535 3344 1864 3414 cadentem,

367 3446 458 3495 tot
495 3455 688 3495 rerum
733 3439 932 3511 finem,
977 3439 1181 3498 timeat
1222 3439 1380 3498 sibi?
1459 3457 1581 3498 non
1624 3447 1798 3497 uacat
1837 3438 1989 3499 ullos
