2600 3842
326 148 404 210 18
827 157 1103 209 LVCANI
1150 156 1251 207 DE
1296 157 1537 208 BELLo
1581 157 1811 208 CIVILI

399 323 521 364 una
560 301 718 363 acies
759 302 995 384 patitur,
1040 303 1189 380 gerit
1229 304 1448 363 altera:
1504 302 1749 380 frigidus
1789 303 1932 364 inde

402 412 519 463 stat
561 400 810 479 gladiuS,
853 402 1009 461 calet
1050 419 1231 461 omne
1272 418 1498 460 nocens
1539 420 1577 461 a
1618 403 1877 462 Caesare
1916 404 2147 462 ferrum.

386 656 395 666 .
489 610 716 685 Chatge
754 609 830 683 os
854 610 948 668 the
985 610 1300 685 Pompeian
1343 609 1507 667 horse
1548 610 1753 668 routed
1782 610 1853 685 by
1903 610 2164 670 Caesat's

1199 723 1430 764 reserve.

483 864 542 921 N
546 881 617 922 ec
657 865 922 923 Fortuna
962 859 1065 920 diu
1108 879 1301 921 rerum
1343 871 1435 921 tot
1474 861 1743 938 pondera
1782 873 2018 923 uertens

405 959 647 1019 abstulit
688 957 944 1036 ingentis
984 959 1109 1017 fato
1152 967 1411 1017 torrente
1451 956 1663 1016 ruinas,

402 1067 467 1115 ut
508 1053 761 1132 primum
804 1064 931 1114 toto
972 1053 1202 1113 diduxit
1242 1071 1469 1113 cornua
1507 1072 1728 1130 campo

403 1150 804 1228 Pompeianus
845 1169 1028 1225 eques
1068 1149 1331 1225 bellique
1370 1167 1480 1227 per
1516 1149 1726 1210 ultima
1764 1150 1935 1224 fudit,

401 1235 607 1327 sparsa
645 1267 750 1325 per
792 1258 1085 1307 extremos
1123 1246 1274 1307 leuis
1316 1258 1609 1306 armatura
1645 1248 1947 1324 maniplos

404 1345 735 1422 insequitur
773 1362 1100 1419 saeuasque
1140 1362 1351 1403 manus
1394 1342 1636 1404 inmittit
1675 1344 1738 1404 in
1780 1346 2053 1420 hostem3

403 1441 525 1503 illic
565 1458 839 1518 quaeque
880 1459 988 1500 suo
1028 1438 1240 1500 miscet
1279 1459 1426 1516 gens
1465 1441 1690 1517 proelia
1729 1443 1890 1514 telo余

407 1541 715 1599 Romanus
756 1534 988 1596 cunctis
1027 1535 1249 1613 petitur
1287 1556 1501 1610 cruor余
1556 1536 1702 1598 inde
1744 1536 2009 1615 sagittae,

404 1635 547 1695 inde
586 1636 746 1693 faces
788 1644 848 1693 et
888 1652 1031 1691 saxa
1071 1634 1294 1706 uolant,
1338 1632 1649 1710 spatioque
1691 1635 1919 1695 solutae

405 1731 553 1792 aeris
594 1741 655 1791 et
693 1728 891 1789 calido
933 1727 1286 1804 liquefactae
1326 1730 1591 1807 pondere
1632 1732 1896 1807 glandes,

408 1848 547 1888 cum
589 1829 826 1899 Caesar,
871 1836 1143 1885 metuens
1181 1844 1260 1887 ne
1301 1827 1464 1886 frons
1505 1824 1617 1888 sibi
1656 1826 1848 1903 prima
1886 1828 2112 1890 labaret

405 1923 662 1999 incursu,
709 1933 870 1983 tenet
911 1921 1185 1998 obliquas
1226 1934 1363 2000 post
1403 1922 1568 2000 signa
1609 1925 1902 1997 cohortes,

406 2020 589 2097 inque
631 2021 784 2080 latus
825 2017 983 2090 belli,
1028 2037 1148 2095 qua
1188 2038 1252 2079 se
1293 2038 1480 2097 uagus
1520 2019 1708 2079 hostis
1748 2020 1979 2096 agebat,

408 2115 652 2176 inmittit
693 2114 952 2176 subitum
995 2134 1120 2174 non
1159 2116 1339 2174 motis
1380 2114 1661 2174 cornibus
1698 2133 1932 2192 agmen.

405 2214 765 2274 inmemores
806 2231 1041 2289 pugnae
1083 2213 1368 2288 nulloque
1409 2213 1637 2289 pudore
1679 2213 1930 2272 timendi

408 2308 760 2388 praecipites
799 2310 991 2369 fecere
1031 2309 1244 2385 palam,
1288 2308 1489 2369 ciuilia
1527 2311 1684 2370 bella

407 2428 532 2469 non
572 2410 728 2468 bene
768 2405 1086 2466 barbaricis
1126 2425 1411 2482 umquam
1452 2407 1772 2467 commissa
1811 2406 2081 2470 cateruis.

409 2517 475 2567 ut
515 2504 769 2583 primum
811 2502 1055 2581 sonipes
1095 2505 1408 2563 transfixus
1448 2514 1692 2580 pectora
1731 2507 1883 2566 ferro

408 2603 470 2662 in
511 2611 692 2678 caput
732 2598 902 2661 effusi
942 2599 1195 2660 calcauit
1233 2600 1502 2660 membra
1541 2599 1814 2678 regentiS,

409 2702 602 2761 omnis
643 2717 826 2776 eques
866 2697 1043 2758 cessit
1083 2695 1332 2774 campiS,
1376 2698 1819 2776 glomerataque
1861 2701 2052 2760 nubes

410 2798 470 2856 in
513 2816 620 2856 sua
661 2796 962 2857 conuersis
1004 2810 1288 2871 praeceps
1331 2794 1446 2854 ruit
1485 2795 1721 2871 agmina
1760 2796 1954 2855 frenis.

409 2892 668 2971 perdidit
708 2891 852 2951 inde
893 2892 1138 2951 modum
1182 2892 1415 2963 caede&
1459 2910 1530 2950 ac
1571 2891 1734 2950 nulla
1774 2903 2033 2954 secutast

411 3011 628 3068 pugna,
673 2990 780 3050 sed
819 2988 962 3049 hinc
1003 2988 1235 3066 iugulis,
1278 2988 1420 3048 hinc
1461 2989 1612 3047 ferro
1654 2990 1812 3049 bella
1849 3002 2144 3067 geruntur.

409 3109 523 3150 nec
562 3089 723 3148 ualet
762 3087 913 3147 haec
951 3086 1110 3147 acies
1150 3096 1385 3145 tantum
1426 3095 1798 3160 prosternere
1839 3100 2131 3163 quantum

407 3187 548 3248 inde
588 3185 777 3263 perire
817 3194 1034 3261 potest.
1121 3182 1367 3255 utinam,
1413 3182 1726 3255 Pharsalia,
1771 3184 1996 3260 campis

409 3283 657 3345 sufficiat
697 3301 870 3343 cruor
910 3281 1022 3342 iste
1064 3279 1200 3351 tuiS,
1226 3266 1422 3354 'quem
1466 3280 1713 3339 barbara
1754 3282 2013 3342 fundunt

410 3390 687 3458 pectora余
741 3397 866 3437 non
905 3377 1024 3455 alio
1067 3384 1371 3455 mutentur
1411 3374 1697 3449 sanguine
1737 3378 1966 3461 fontes余

2229 981 2329 1037 505

2232 1465 2334 1519 510

2233 1756 2333 1810 513

2233 1854 2328 1906 521

2234 2238 2336 2292 525

2235 2723 2343 2778 530

2242 3209 2344 3263 535
