2600 3842
290 165 364 226 14
785 161 1061 212 LVCANI
1105 163 1206 213 DE
1252 164 1492 216 BELLO
1536 166 1764 217 CIVILI

301 369 707 427 DIGRESSmN.
803 369 922 426 W
960 370 1137 428 havoc
1175 371 1236 429 in
1281 371 1378 428 tlte
1412 371 1649 428 Roman
1688 373 1901 448 empire
1937 373 2127 432 wht'dz
2164 376 2258 432 tlte

581 466 913 541 impendt'ng
943 466 1162 543 conflt'ct
1199 468 1334 525 will
1368 470 1535 526 make
1553 469 1668 544 for
1702 471 1795 527 all
1827 471 1974 528 time.

437 597 594 672 Ergo
632 593 932 670 utrimque
972 597 1095 671 pari
1140 609 1494 672 procurrunt
1535 595 1770 679 agmina
1811 609 1977 658 motu
2181 610 2275 675 385

355 693 569 752 irarum
586 715 605 768 ;
662 703 854 752 metus
896 694 1006 753 hos
1047 693 1226 770 regni,
1273 712 1413 770 spes
1454 693 1671 754 excitat
1711 694 1860 755 illos.

353 790 468 849 hae
508 789 727 849 facient
768 791 1025 860 dextrae,
1069 789 1364 866 quidquid
1406 809 1529 849 non
1571 793 1808 867 expleat
1848 803 2011 851 aetas

353 877 475 944 ulla
515 906 628 945 nec
669 888 994 946 humanum
1035 900 1265 964 reparet
1306 905 1509 962 genuS,
1556 887 1834 947 omnibus
1876 887 2046 948 annis

353 995 419 1043 ut
458 995 631 1043 uacet
672 1003 708 1043 a
747 985 916 1044 ferro.
999 994 1206 1060 gentes
1251 986 1416 1042 Mars
1457 983 1568 1043 iste
1607 986 1832 1043 futuras

356 1083 582 1152 obruet,
629 1094 688 1141 et
729 1082 989 1157 populos
1029 1080 1164 1140 aeui
1205 1079 1501 1140 uenientis
1543 1081 1603 1140 in
1646 1083 1851 1142 orbem
2178 1105 2277 1156 390

356 1190 561 1254 erepto
604 1179 801 1237 natale
842 1180 1002 1237 feret.
1089 1189 1232 1237 tunc
1274 1196 1455 1238 omne
1498 1178 1774 1238 Latinum

354 1276 556 1333 sabula
594 1293 816 1334 nomen
860 1274 1003 1335 erit:
1061 1273 1289 1334 Gabios
1330 1275 1631 1352 Veiosque
1673 1277 2010 1352 Coramque

356 1374 746 1449 Albanosque
786 1375 936 1431 lares
980 1372 1491 1449 Laurentinosque
1531 1383 1775 1448 penates
2179 1395 2278 1446 394

356 1470 601 1546 puluere
641 1468 742 1530 uix
782 1480 975 1529 tectae
1017 1481 1300 1547 poterunt
1344 1481 1669 1529 monstrare
1711 1468 1931 1541 ruinae,
2178 1493 2275 1543 393

355 1587 454 1626 rus
495 1586 766 1640 uacuum,
810 1568 973 1645 quod
1017 1586 1139 1626 non
1181 1566 1425 1640 habitet,
1470 1566 1582 1625 nisi
1624 1577 1800 1626 nocte
1842 1578 2067 1638 coacta,
2180 1587 2276 1640 395

354 1661 574 1720 inuitus
615 1673 977 1737 questusque
1018 1662 1281 1719 Numam
1323 1660 1558 1721 iussisse
1600 1672 1878 1728 senator„

357 1778 478 1819 non
520 1770 681 1819 aetas
723 1760 870 1819 haec
911 1760 1131 1835 carpsit
1174 1760 1329 1819 edax
1370 1758 1858 1836 monimentaque
1899 1778 2090 1818 rerum

354 1854 548 1931 putria
587 1855 887 1916 destituit:
942 1856 1163 1915 crimen
1206 1855 1380 1914 ciuile
1424 1856 1695 1916 uidemus

355 1963 447 2012 tot
488 1972 706 2011 uacuas
749 1954 938 2013 urbes,
1027 1953 1258 2029 generis
1302 1972 1425 2030 quo
1466 1956 1637 2013 turba
1678 1953 1915 2013 redacta
1955 1964 2047 2013 est

355 2049 646 2107 humani?
701 2058 829 2109 toto
871 2049 1080 2125 populi
1123 2048 1226 2125 qui
1267 2049 1566 2108 nascimur
1605 2045 1763 2121 orbe,
2176 2071 2279 2119 400

356 2165 472 2205 nec
513 2165 710 2206 muros
753 2144 1155 2222 inplere-uiris
1198 2165 1313 2205 nec
1353 2165 1668 2222 possumus
1708 2165 1915 2222 agros:

356 2244 495 2301 urbs
536 2261 646 2302 nos
687 2262 809 2301 una
846 2242 1023 2319 capit.
1108 2241 1315 2302 uincto
1357 2245 1582 2302 fossore
1624 2244 1899 2303 coluntur

359 2338 691 2414 Hesperiae
732 2349 959 2416 segetes
977 2360 995 2413 3
1051 2349 1167 2398 stat
1207 2339 1379 2399 tectis
1420 2340 1604 2416 putris
1645 2339 1817 2399 auitis

356 2436 421 2494 in
461 2438 653 2495 nullos
692 2437 911 2495 ruitura
950 2438 1206 2510 domus3
1256 2438 1543 2512 nulloque
1585 2438 1952 2511 frequentem

355 2532 489 2592 ciue
530 2552 640 2592 suo
683 2535 944 2592 Romam
986 2535 1094 2593 sed
1137 2532 1346 2593 mundi
1387 2535 1551 2593 faece
1590 2533 1878 2608 repletam
2178 2554 2277 2607 405

356 2630 542 2689 cladis
584 2648 658 2689 eo
699 2630 990 2702 dedimuS‚
1037 2649 1115 2690 ne
1158 2641 1328 2690 tanto
1369 2630 1431 2689 in
1475 2648 1723 2706 corpore
1765 2630 1987 2689 bellum

356 2726 474 2786 iarn
515 2738 716 2802 posset
756 2725 929 2786 ciuile
970 2726 1110 2804 geri.
1198 2726 1497 2786 Pharsalia
1537 2725 1688 2786 tanti

358 2842 539 2882 causa
578 2822 733 2881 mali.
818 2826 1039 2883 cedant
1078 2822 1281 2883 feralia
1321 2826 1566 2883 nomina
1609 2825 1855 2883 Cannae

359 2930 419 2978 et
461 2921 743 2979 damnata
783 2918 886 2978 diu
929 2920 1224 2980 Romanis
1265 2919 1426 2979 Allia
1464 2920 1644 2979 fastis,

354 3027 631 3092 ¹tempora
671 3015 925 3092 signauit
965 3016 1255 3076 leuiorum
1298 3019 1499 3075 Roma
1538 3018 1825 3075 malorum
1844 3034 1864 3087 3
2179 3038 2282 3086 410

359 3113 518 3171 hunc
558 3112 747 3171 uoluit
787 3111 1015 3173 nescire
1056 3113 1241 3172 diem.
1320 3131 1431 3189 pro
1472 3110 1657 3171 tristia
1697 3113 1852 3169 fata!

361 3227 496 3267 aera
535 3207 877 3284 pestiferum
918 3220 1108 3269 tractu
1148 3211 1509 3284 morbosque
1552 3207 1788 3267 fluentis

362 3305 752 3381 insanamque
790 3308 1009 3365 famem
1049 3308 1484 3382 permissasque
1526 3305 1759 3382 ignibus
1800 3305 1977 3362 urbes

365 3401 719 3476 moeniaque
760 3402 821 3461 in
862 3421 1146 3478 praeceps
1186 3404 1408 3461 laturos
1451 3403 1628 3478 plena
1666 3412 1948 3459 tremores
